firm_id,month,sales,purchases,tax_paid
F100000,2024-03,34318.14,17874.57,3124.28
F100000,2024-04,38835.11,20448.1,3493.53
F100000,2024-05,30580.56,14701.17,3017.08
F100000,2024-06,39541.05,20481.72,3621.27
F100000,2024-07,37343.96,17157.3,3835.46
F100000,2024-08,45520.53,19818.93,4883.3
F100000,2024-09,37270.97,18963.82,3478.36
F100000,2024-10,35696.94,17741.36,3411.56
F100000,2024-11,41255.29,20527.47,3938.29
F100000,2024-12,35806.93,16318.52,3702.8
F100000,2025-01,38487.54,20022.05,3508.44
F100000,2025-02,28781.12,14552.04,2703.52
F100000,2025-03,33405.17,16863.96,3142.83
F100000,2025-04,25019.87,12353.33,2406.64
F100000,2025-05,29807.15,15212.81,2772.92
F100000,2025-06,29509.45,14393.22,2872.08
F100000,2025-07,26315.23,13897.72,2359.33
F100000,2025-08,33176.25,15254.66,3405.1
F100001,2024-03,31330.3,18862.01,2368.98
F100001,2024-04,27435.7,18172.88,1759.94
F100001,2024-05,29547.53,18107.23,2173.66
F100001,2024-06,35601.21,22656.53,2459.49
F100001,2024-07,32056.02,21366.9,2030.93
F100001,2024-08,29683.1,17322.27,2348.56
F100001,2024-09,32741.04,22193.65,2004.0
F100001,2024-10,39774.27,23317.01,3126.88
F100001,2024-11,33827.22,23284.19,2003.18
F100001,2024-12,24897.44,14788.0,1920.79
F100001,2025-01,26978.4,18769.55,1559.68
F100001,2025-02,28923.49,19375.62,1814.1
F100001,2025-03,24633.37,14481.96,1928.77
F100001,2025-04,35474.08,24992.62,1991.48
F100001,2025-05,31650.03,18313.21,2534.0
F100001,2025-06,22605.65,13571.94,1716.41
F100001,2025-07,31413.33,18736.89,2408.52
F100001,2025-08,25777.29,17218.33,1626.2
F100002,2024-03,42103.09,31633.56,1989.21
F100002,2024-04,44996.84,30263.06,2799.42
F100002,2024-05,54104.45,40183.44,2644.99
F100002,2024-06,50894.87,35500.42,2924.95
F100002,2024-07,52377.9,39706.16,2407.63
F100002,2024-08,55640.86,41794.43,2630.82
F100002,2024-09,50674.56,34011.01,3166.07
F100002,2024-10,54210.86,38403.6,3003.38
F100002,2024-11,45021.11,31530.35,2563.24
F100002,2024-12,52538.94,41237.77,2147.22
F100002,2025-01,45373.53,33028.74,2345.51
F100002,2025-02,37932.05,28034.39,1880.56
F100002,2025-03,36384.95,26422.55,1892.86
F100002,2025-04,40559.25,32261.72,1576.53
F100002,2025-05,38765.41,29468.24,1766.46
F100002,2025-06,38940.78,27407.82,2191.26
F100002,2025-07,44259.86,29668.86,2772.29
F100002,2025-08,48603.48,32551.76,3049.83
F100003,2024-03,33922.75,20137.14,2619.27
F100003,2024-04,56063.8,36757.31,3668.23
F100003,2024-05,53341.14,32429.87,3973.14
F100003,2024-06,67187.78,40984.56,4978.61
F100003,2024-07,75033.61,41019.77,6462.63
F100003,2024-08,65414.77,41343.52,4573.54
F100003,2024-09,74662.67,44563.64,5718.82
F100003,2024-10,63135.56,35697.89,5213.16
F100003,2024-11,58171.53,33235.57,4737.83
F100003,2024-12,59392.68,32596.22,5091.33
F100003,2025-01,65550.34,41214.3,4623.85
F100003,2025-02,36079.44,20770.99,2908.61
F100003,2025-03,70163.09,43312.29,5101.65
F100003,2025-04,60253.36,36609.41,4492.35
F100003,2025-05,45067.32,24903.56,3831.11
F100003,2025-06,56252.55,31272.99,4746.12
F100003,2025-07,56912.63,33619.48,4425.7
F100003,2025-08,58547.18,35296.34,4417.66
F100004,2024-03,38350.24,18427.53,3785.31
F100004,2024-04,27083.56,14920.95,2310.9
F100004,2024-05,37995.08,21800.14,3077.04
F100004,2024-06,37544.99,19943.45,3344.29
F100004,2024-07,36488.45,17633.74,3582.39
F100004,2024-08,36146.05,17479.48,3546.65
F100004,2024-09,36256.59,18861.42,3305.08
F100004,2024-10,36872.73,21223.05,2973.44
F100004,2024-11,21457.77,10810.51,2022.98
F100004,2024-12,34774.85,16631.09,3447.31
F100004,2025-01,35024.66,18078.38,3219.79
F100004,2025-02,31951.25,16369.06,2960.62
F100004,2025-03,30361.85,14610.8,2992.7
F100004,2025-04,28495.82,13668.53,2817.19
F100004,2025-05,29544.64,15011.03,2761.38
F100004,2025-06,27785.9,14182.8,2584.59
F100004,2025-07,34304.41,17870.93,3122.36
F100004,2025-08,30001.3,17292.92,2414.59
F100005,2024-03,21758.8,15383.06,1211.39
F100005,2024-04,20890.39,14499.8,1214.21
F100005,2024-05,24415.89,14504.98,1883.07
F100005,2024-06,26840.55,18812.69,1525.29
F100005,2024-07,24373.01,17655.85,1276.26
F100005,2024-08,21656.55,13356.05,1577.09
F100005,2024-09,25674.34,15622.05,1909.94
F100005,2024-10,24255.42,14899.14,1777.69
F100005,2024-11,22290.85,14633.79,1454.84
F100005,2024-12,23728.39,15949.31,1478.02
F100005,2025-01,22295.56,15850.61,1224.54
F100005,2025-02,21462.54,15575.01,1118.63
F100005,2025-03,21700.9,13875.71,1486.78
F100005,2025-04,18573.04,13302.1,1001.48
F100005,2025-05,20313.62,14491.51,1106.2
F100005,2025-06,21619.53,14219.99,1405.91
F100005,2025-07,20507.06,13012.25,1424.01
F100005,2025-08,23172.22,14549.27,1638.36
F100006,2024-03,47960.92,31876.66,3056.01
F100006,2024-04,43940.9,31090.24,2441.62
F100006,2024-05,52898.63,34834.7,3432.15
F100006,2024-06,55799.25,40444.6,2917.38
F100006,2024-07,48474.96,30547.77,3406.17
F100006,2024-08,52601.58,35791.12,3193.99
F100006,2024-09,54851.86,39968.07,2827.92
F100006,2024-10,46920.63,32337.94,2770.71
F100006,2024-11,47873.18,29938.66,3407.56
F100006,2024-12,50038.4,33956.76,3055.51
F100006,2025-01,49771.27,33412.83,3108.1
F100006,2025-02,38976.52,23657.86,2910.55
F100006,2025-03,48878.54,34930.53,2650.12
F100006,2025-04,45442.3,29193.4,3087.29
F100006,2025-05,37992.41,23875.53,2682.21
F100006,2025-06,34997.97,22960.42,2287.13
F100006,2025-07,44772.87,29015.76,2993.85
F100006,2025-08,42246.67,30298.94,2270.07
F100007,2024-03,47351.89,21812.7,4852.45
F100007,2024-04,37275.02,16962.83,3859.32
F100007,2024-05,37401.13,18462.68,3598.31
F100007,2024-06,22759.97,11578.59,2124.46
F100007,2024-07,36671.88,19009.04,3355.94
F100007,2024-08,38386.69,21137.78,3277.29
F100007,2024-09,43877.51,23323.52,3905.26
F100007,2024-10,36274.14,19460.93,3194.51
F100007,2024-11,25233.05,12014.15,2511.59
F100007,2024-12,33151.1,16863.06,3094.73
F100007,2025-01,34722.26,18188.67,3141.38
F100007,2025-02,38529.61,20692.07,3389.13
F100007,2025-03,32484.56,17510.43,2845.09
F100007,2025-04,30596.27,15186.83,2927.79
F100007,2025-05,33195.79,15902.71,3285.69
F100007,2025-06,20875.15,9603.26,2141.66
F100007,2025-07,33907.2,16443.55,3318.09
F100007,2025-08,25353.41,13168.98,2315.04
F100008,2024-03,67339.42,49566.32,3376.89
F100008,2024-04,46675.53,29265.15,3307.97
F100008,2024-05,62850.52,38516.13,4623.53
F100008,2024-06,56633.42,40499.63,3065.42
F100008,2024-07,52652.17,34328.6,3481.48
F100008,2024-08,61878.18,43003.03,3586.28
F100008,2024-09,58174.29,39912.61,3469.72
F100008,2024-10,60459.86,39152.41,4048.42
F100008,2024-11,57942.88,39551.89,3494.29
F100008,2024-12,52086.01,34068.53,3423.32
F100008,2025-01,79384.93,52848.13,5041.99
F100008,2025-02,65369.86,40207.5,4780.85
F100008,2025-03,51380.33,35867.82,2947.38
F100008,2025-04,41921.9,29565.04,2347.8
F100008,2025-05,55595.42,36656.98,3598.3
F100008,2025-06,57228.28,38282.5,3599.7
F100008,2025-07,57738.4,40488.41,3277.5
F100008,2025-08,59070.5,38073.12,3989.5
F100009,2024-03,28882.74,15307.42,2579.31
F100009,2024-04,27565.42,13966.15,2583.86
F100009,2024-05,21544.7,11201.56,1965.2
F100009,2024-06,26954.1,13140.26,2624.63
F100009,2024-07,26824.84,12775.36,2669.4
F100009,2024-08,29616.38,14982.21,2780.49
F100009,2024-09,27042.8,14143.84,2450.8
F100009,2024-10,35417.29,18469.45,3220.09
F100009,2024-11,28195.72,13825.01,2730.44
F100009,2024-12,23531.05,11083.03,2365.12
F100009,2025-01,29255.8,15151.75,2679.77
F100009,2025-02,19650.51,9568.85,1915.52
F100009,2025-03,14026.05,7019.41,1331.26
F100009,2025-04,29213.99,13319.24,3020.0
F100009,2025-05,16163.35,7212.49,1700.66
F100009,2025-06,19957.33,10560.49,1785.4
F100009,2025-07,21187.94,11216.91,1894.5
F100009,2025-08,27855.66,14064.23,2620.37
F100010,2024-03,43373.46,20087.32,4424.37
F100010,2024-04,45976.03,22636.77,4434.46
F100010,2024-05,43078.76,20109.04,4364.25
F100010,2024-06,42589.64,23056.35,3711.32
F100010,2024-07,49570.55,23576.1,4938.95
F100010,2024-08,54914.19,26204.69,5454.81
F100010,2024-09,51331.08,23995.38,5193.78
F100010,2024-10,45956.13,21123.01,4718.29
F100010,2024-11,46766.73,20948.81,4905.41
F100010,2024-12,47452.4,21465.25,4937.56
F100010,2025-01,40703.48,21681.79,3614.12
F100010,2025-02,43580.81,21399.65,4214.42
F100010,2025-03,42658.59,21224.87,4072.41
F100010,2025-04,45638.3,21954.6,4499.9
F100010,2025-05,41855.27,22387.27,3698.92
F100010,2025-06,42394.32,21809.77,3911.06
F100010,2025-07,40507.55,21281.16,3653.01
F100010,2025-08,43122.91,22535.62,3911.58
F100011,2024-03,26754.84,17201.48,1815.14
F100011,2024-04,29671.94,18457.76,2130.69
F100011,2024-05,28703.43,19517.48,1745.33
F100011,2024-06,29312.78,20291.95,1713.96
F100011,2024-07,31576.21,20288.81,2144.61
F100011,2024-08,29276.4,18976.52,1956.98
F100011,2024-09,32210.91,23913.22,1576.56
F100011,2024-10,31148.29,23133.85,1522.74
F100011,2024-11,28922.85,19936.36,1707.43
F100011,2024-12,27589.78,19962.1,1449.26
F100011,2025-01,25355.72,17355.56,1520.03
F100011,2025-02,25707.67,19407.66,1197.0
F100011,2025-03,23830.01,17702.5,1164.23
F100011,2025-04,24121.23,16595.89,1429.81
F100011,2025-05,23143.3,16833.46,1198.87
F100011,2025-06,24803.87,16946.72,1492.86
F100011,2025-07,26173.41,17671.27,1615.41
F100011,2025-08,27340.22,19079.38,1569.56
F100012,2024-03,31959.0,19941.89,2283.25
F100012,2024-04,33208.4,19998.85,2509.81
F100012,2024-05,33597.75,21577.6,2283.83
F100012,2024-06,36189.73,23724.61,2368.37
F100012,2024-07,31523.65,20742.19,2048.48
F100012,2024-08,34272.2,20779.73,2563.57
F100012,2024-09,38328.28,22245.58,3055.71
F100012,2024-10,32738.67,18296.03,2744.1
F100012,2024-11,37361.36,23800.23,2576.62
F100012,2024-12,30317.14,17311.34,2471.1
F100012,2025-01,33495.73,20611.16,2448.07
F100012,2025-02,26471.92,16665.17,1863.28
F100012,2025-03,27505.91,15759.3,2231.86
F100012,2025-04,28876.76,16675.75,2318.19
F100012,2025-05,28448.64,15776.95,2407.62
F100012,2025-06,29209.67,18738.01,1989.62
F100012,2025-07,35127.26,20317.54,2813.85
F100012,2025-08,31765.51,18669.79,2488.19
F100013,2024-03,61155.64,30657.89,5794.57
F100013,2024-04,49059.53,22578.66,5031.36
F100013,2024-05,62009.6,31308.56,5833.2
F100013,2024-06,58244.44,24293.33,6450.71
F100013,2024-07,75611.21,31295.83,8419.92
F100013,2024-08,67771.28,28977.66,7370.79
F100013,2024-09,72717.35,30612.2,7999.98
F100013,2024-10,53246.13,23973.19,5561.86
F100013,2024-11,51116.24,23337.29,5278.0
F100013,2024-12,53598.69,22766.89,5858.04
F100013,2025-01,53593.09,24707.14,5488.33
F100013,2025-02,64000.81,31940.73,6091.42
F100013,2025-03,64502.64,29917.11,6571.25
F100013,2025-04,52022.45,21778.13,5746.42
F100013,2025-05,59131.05,29537.34,5622.81
F100013,2025-06,54720.21,22703.63,6083.15
F100013,2025-07,51108.8,21704.51,5586.81
F100013,2025-08,46077.78,22282.01,4521.2
F100014,2024-03,21120.44,14895.85,1182.67
F100014,2024-04,43359.19,28278.83,2865.27
F100014,2024-05,40742.46,26819.5,2645.36
F100014,2024-06,43545.6,28232.51,2909.49
F100014,2024-07,48323.86,29350.14,3605.01
F100014,2024-08,34586.91,21140.3,2554.86
F100014,2024-09,33521.58,20182.0,2534.52
F100014,2024-10,34572.65,22445.76,2304.11
F100014,2024-11,41938.75,28517.01,2550.13
F100014,2024-12,42841.42,25045.94,3381.14
F100014,2025-01,27249.56,17186.15,1912.05
F100014,2025-02,31644.06,21459.53,1935.06
F100014,2025-03,30076.49,17516.44,2386.41
F100014,2025-04,22161.39,13555.17,1635.18
F100014,2025-05,28739.06,17609.77,2114.57
F100014,2025-06,32069.67,20211.22,2253.1
F100014,2025-07,35879.96,22261.62,2587.48
F100014,2025-08,31105.14,21776.07,1772.52
F100015,2024-03,35478.1,16700.01,3567.84
F100015,2024-04,31244.35,12952.95,3475.37
F100015,2024-05,35994.99,17957.54,3427.12
F100015,2024-06,36646.89,18358.12,3474.87
F100015,2024-07,38706.48,16030.83,4308.37
F100015,2024-08,44781.08,21765.47,4372.97
F100015,2024-09,37041.3,16020.27,3994.0
F100015,2024-10,35217.98,15382.34,3768.77
F100015,2024-11,30720.94,12910.45,3383.99
F100015,2024-12,31244.4,15265.02,3036.08
F100015,2025-01,29232.22,13226.56,3041.08
F100015,2025-02,35868.11,17197.21,3547.47
F100015,2025-03,29643.38,12497.63,3257.69
F100015,2025-04,26828.23,12879.82,2650.2
F100015,2025-05,30389.74,14831.85,2956.0
F100015,2025-06,27605.92,11921.55,2980.03
F100015,2025-07,30343.77,13787.86,3145.62
F100015,2025-08,33662.4,14941.54,3556.96
F100016,2024-03,21479.04,10942.17,2002.0
F100016,2024-04,26226.25,13267.34,2462.19
F100016,2024-05,25047.42,13880.27,2121.76
F100016,2024-06,23754.27,11789.19,2273.36
F100016,2024-07,23891.16,12914.21,2085.62
F100016,2024-08,29108.76,16580.17,2380.43
F100016,2024-09,26261.52,12795.63,2558.52
F100016,2024-10,25650.89,14128.03,2189.34
F100016,2024-11,24218.89,13884.89,1963.46
F100016,2024-12,23961.11,12021.84,2268.46
F100016,2025-01,20967.89,10935.48,1906.16
F100016,2025-02,22517.02,12468.87,1909.15
F100016,2025-03,23080.97,13453.01,1829.31
F100016,2025-04,19935.13,10239.23,1842.22
F100016,2025-05,20223.8,10794.67,1791.53
F100016,2025-06,21219.54,10415.68,2052.73
F100016,2025-07,22650.62,11493.82,2119.79
F100016,2025-08,22225.54,12185.79,1907.55
F100017,2024-03,35284.84,17184.8,3439.01
F100017,2024-04,47370.55,23993.01,4441.73
F100017,2024-05,22058.06,12087.03,1894.49
F100017,2024-06,41075.94,21737.08,3674.38
F100017,2024-07,50875.31,25481.66,4824.79
F100017,2024-08,41072.19,19005.86,4192.6
F100017,2024-09,19606.21,9267.63,1964.33
F100017,2024-10,50199.89,26944.17,4418.59
F100017,2024-11,47720.45,24118.51,4484.37
F100017,2024-12,21627.85,11535.53,1917.54
F100017,2025-01,43366.44,22030.39,4053.85
F100017,2025-02,54218.18,26789.73,5211.4
F100017,2025-03,53669.96,26987.53,5069.66
F100017,2025-04,46097.55,24045.3,4189.93
F100017,2025-05,56255.19,29220.14,5136.66
F100017,2025-06,38778.04,18863.91,3783.68
F100017,2025-07,36887.15,17913.78,3604.94
F100017,2025-08,37096.72,18333.44,3565.02
F100018,2024-03,52886.78,27325.62,4856.62
F100018,2024-04,44977.19,22525.71,4265.78
F100018,2024-05,50224.98,23910.18,4999.81
F100018,2024-06,48076.02,25829.52,4226.84
F100018,2024-07,50247.29,26664.23,4480.78
F100018,2024-08,49636.18,24628.37,4751.48
F100018,2024-09,50442.21,22237.75,5358.85
F100018,2024-10,46260.54,20745.21,4847.91
F100018,2024-11,56175.84,29779.15,5015.37
F100018,2024-12,44610.77,22920.57,4121.14
F100018,2025-01,46425.4,21692.96,4699.16
F100018,2025-02,41982.66,20459.29,4089.44
F100018,2025-03,42239.41,18793.74,4454.68
F100018,2025-04,43186.13,21533.91,4113.92
F100018,2025-05,41459.04,20319.74,4016.47
F100018,2025-06,47597.68,23295.3,4617.45
F100018,2025-07,45788.77,23146.27,4302.08
F100018,2025-08,43405.95,20875.8,4280.73
F100019,2024-03,30182.99,18299.49,2257.87
F100019,2024-04,29775.11,19109.45,2026.48
F100019,2024-05,32791.74,22724.68,1912.74
F100019,2024-06,26722.59,19056.34,1456.59
F100019,2024-07,35447.05,24442.46,2090.87
F100019,2024-08,33035.14,21186.21,2251.3
F100019,2024-09,29941.71,19067.19,2066.16
F100019,2024-10,28046.14,19586.63,1607.31
F100019,2024-11,28069.94,19544.97,1619.74
F100019,2024-12,33750.9,23147.81,2014.59
F100019,2025-01,24019.0,16771.48,1377.03
F100019,2025-02,25977.15,17255.64,1657.09
F100019,2025-03,22494.68,15136.68,1398.02
F100019,2025-04,23264.23,14633.61,1639.82
F100019,2025-05,25596.3,15900.31,1842.24
F100019,2025-06,28010.37,18400.25,1825.92
F100019,2025-07,29187.17,21264.3,1505.35
F100019,2025-08,29539.43,21359.64,1554.16
F100020,2024-03,61481.93,31313.04,5732.09
F100020,2024-04,77090.3,42409.12,6589.42
F100020,2024-05,64453.7,37890.65,5046.98
F100020,2024-06,67334.56,37214.97,5722.72
F100020,2024-07,59524.39,34972.54,4664.85
F100020,2024-08,59133.59,30814.29,5380.67
F100020,2024-09,64145.05,32619.78,5989.8
F100020,2024-10,73582.82,35742.62,7189.64
F100020,2024-11,65019.67,37449.57,5238.32
F100020,2024-12,55225.3,31447.59,4517.76
F100020,2025-01,64712.48,32332.03,6152.29
F100020,2025-02,53881.56,31303.44,4289.84
F100020,2025-03,58534.3,30467.22,5332.75
F100020,2025-04,62065.66,32290.85,5657.22
F100020,2025-05,58210.56,29121.03,5527.01
F100020,2025-06,58799.38,32789.45,4941.89
F100020,2025-07,50589.77,28343.41,4226.81
F100020,2025-08,64824.71,35447.37,5581.69
F100021,2024-03,44734.83,29180.0,2955.42
F100021,2024-04,44631.55,28728.37,3021.6
F100021,2024-05,34739.04,23961.56,2047.72
F100021,2024-06,48254.29,30276.18,3415.84
F100021,2024-07,50530.51,30158.39,3870.7
F100021,2024-08,40094.81,23730.55,3109.21
F100021,2024-09,45425.83,29692.62,2989.31
F100021,2024-10,40718.55,24228.18,3133.17
F100021,2024-11,49012.22,29987.6,3614.68
F100021,2024-12,36737.67,23557.55,2504.22
F100021,2025-01,39937.58,24812.71,2873.73
F100021,2025-02,41495.36,24194.26,3287.21
F100021,2025-03,35512.21,24735.27,2047.62
F100021,2025-04,30086.42,18747.64,2154.37
F100021,2025-05,37820.17,25812.63,2281.43
F100021,2025-06,38509.69,25229.91,2523.16
F100021,2025-07,40323.59,25878.96,2744.48
F100021,2025-08,39215.0,27307.77,2262.37
F100022,2024-03,34188.76,20799.76,2543.91
F100022,2024-04,27539.51,17955.81,1820.9
F100022,2024-05,30560.58,18310.87,2327.44
F100022,2024-06,36019.25,20496.06,2949.41
F100022,2024-07,34343.09,22444.38,2260.76
F100022,2024-08,23904.7,15521.43,1592.82
F100022,2024-09,44952.92,25525.17,3691.27
F100022,2024-10,29428.88,17553.02,2256.41
F100022,2024-11,36902.33,21832.38,2863.29
F100022,2024-12,43635.29,24287.57,3676.07
F100022,2025-01,40651.27,22248.45,3496.54
F100022,2025-02,34196.23,20598.14,2583.64
F100022,2025-03,33568.2,20905.46,2405.92
F100022,2025-04,31361.5,20365.54,2089.23
F100022,2025-05,39923.04,24868.07,2860.44
F100022,2025-06,40373.62,25529.66,2820.35
F100022,2025-07,30146.63,17995.45,2308.72
F100022,2025-08,38904.03,21414.42,3323.03
F100023,2024-03,68777.12,37672.57,5909.86
F100023,2024-04,57434.55,30213.11,5172.07
F100023,2024-05,68301.85,36632.65,6017.15
F100023,2024-06,74517.64,41772.28,6221.62
F100023,2024-07,84178.41,47501.28,6968.65
F100023,2024-08,75578.33,41125.42,6546.05
F100023,2024-09,64819.35,34097.9,5837.08
F100023,2024-10,68690.28,41637.94,5139.94
F100023,2024-11,61615.93,34692.14,5115.52
F100023,2024-12,68427.24,42116.85,4998.97
F100023,2025-01,47865.14,29632.1,3464.28
F100023,2025-02,49444.58,30286.4,3640.05
F100023,2025-03,65218.2,34865.58,5767.0
F100023,2025-04,40471.49,22563.79,3402.46
F100023,2025-05,50974.07,28004.19,4364.28
F100023,2025-06,78824.93,46557.3,6130.85
F100023,2025-07,78591.79,42774.09,6805.36
F100023,2025-08,56667.52,31315.43,4816.9
F100024,2024-03,23368.02,13217.34,1928.63
F100024,2024-04,33136.79,17557.64,2960.04
F100024,2024-05,28275.13,15177.35,2488.58
F100024,2024-06,23886.28,14530.88,1777.53
F100024,2024-07,25370.33,15462.29,1882.53
F100024,2024-08,32013.86,17899.08,2681.81
F100024,2024-09,31875.22,16826.34,2859.29
F100024,2024-10,32638.59,20410.91,2323.26
F100024,2024-11,27021.63,16945.4,1914.49
F100024,2024-12,24852.97,14770.87,1915.6
F100024,2025-01,25361.09,15972.99,1783.74
F100024,2025-02,28833.75,15473.7,2538.41
F100024,2025-03,25556.74,15298.92,1948.98
F100024,2025-04,29281.24,15963.42,2530.39
F100024,2025-05,18763.5,11443.26,1390.85
F100024,2025-06,26289.8,15373.57,2074.08
F100024,2025-07,27719.09,15728.29,2278.25
F100024,2025-08,28112.78,16829.12,2143.89
F100025,2024-03,41492.93,22013.69,3701.05
F100025,2024-04,42497.24,23496.57,3610.13
F100025,2024-05,54444.84,29594.94,4721.48
F100025,2024-06,41524.19,23778.51,3371.68
F100025,2024-07,46089.78,24912.36,4023.71
F100025,2024-08,47278.92,24158.48,4392.88
F100025,2024-09,35581.2,18328.96,3277.93
F100025,2024-10,21934.49,11644.2,1955.16
F100025,2024-11,29313.12,14697.83,2776.9
F100025,2024-12,38646.1,21633.3,3232.43
F100025,2025-01,46442.47,26798.16,3732.42
F100025,2025-02,35446.69,20944.3,2755.45
F100025,2025-03,17482.05,9984.86,1424.47
F100025,2025-04,35995.38,18538.82,3316.75
F100025,2025-05,26067.23,13054.26,2472.46
F100025,2025-06,29332.77,17562.74,2236.31
F100025,2025-07,30681.72,17628.54,2480.1
F100025,2025-08,33895.94,20610.98,2524.14
F100026,2024-03,38091.38,17207.29,3967.98
F100026,2024-04,31358.62,15284.6,3054.06
F100026,2024-05,30352.75,13733.64,3157.63
F100026,2024-06,30664.27,14092.72,3148.59
F100026,2024-07,39408.82,18328.11,4005.34
F100026,2024-08,29826.6,15415.96,2738.02
F100026,2024-09,36402.56,16900.13,3705.46
F100026,2024-10,31022.49,15158.12,3014.23
F100026,2024-11,37767.47,19995.83,3376.61
F100026,2024-12,31471.51,13899.71,3338.64
F100026,2025-01,30821.39,14323.59,3134.58
F100026,2025-02,33683.58,15852.85,3387.84
F100026,2025-03,32735.64,16351.99,3112.89
F100026,2025-04,29408.55,12858.82,3144.45
F100026,2025-05,27896.53,14798.47,2488.63
F100026,2025-06,33849.65,15998.87,3391.65
F100026,2025-07,25499.59,12506.49,2468.69
F100026,2025-08,33491.71,17147.28,3105.44
F100027,2024-03,39361.73,20642.59,3556.64
F100027,2024-04,38513.04,20154.4,3488.14
F100027,2024-05,43207.36,25852.32,3297.46
F100027,2024-06,45528.51,25827.37,3743.22
F100027,2024-07,39233.53,21676.66,3335.8
F100027,2024-08,40471.18,24326.52,3067.48
F100027,2024-09,43583.06,23419.22,3831.13
F100027,2024-10,38638.34,21129.54,3326.67
F100027,2024-11,40076.81,24375.35,2983.28
F100027,2024-12,36580.42,20726.74,3012.2
F100027,2025-01,39318.82,21943.24,3301.36
F100027,2025-02,38298.24,20374.91,3405.43
F100027,2025-03,34445.01,18312.25,3065.22
F100027,2025-04,35106.56,20788.82,2720.37
F100027,2025-05,36223.59,21000.95,2892.3
F100027,2025-06,31706.84,19129.73,2389.65
F100027,2025-07,36864.08,21520.04,2915.37
F100027,2025-08,35266.45,21337.68,2646.47
F100028,2024-03,33870.67,24476.11,1784.97
F100028,2024-04,31529.24,22377.76,1738.78
F100028,2024-05,31505.46,19380.15,2303.81
F100028,2024-06,33964.66,23773.7,1936.28
F100028,2024-07,37836.65,23482.62,2727.26
F100028,2024-08,36517.32,26559.83,1891.92
F100028,2024-09,36550.49,26670.26,1877.24
F100028,2024-10,33060.79,24076.41,1707.03
F100028,2024-11,34916.14,25514.22,1786.37
F100028,2024-12,33235.73,24209.51,1714.98
F100028,2025-01,31091.0,22948.15,1547.14
F100028,2025-02,31535.79,22358.09,1743.76
F100028,2025-03,32479.83,20777.64,2223.42
F100028,2025-04,22965.05,15229.05,1469.84
F100028,2025-05,25932.52,18555.02,1401.73
F100028,2025-06,33375.75,20440.24,2457.75
F100028,2025-07,32993.84,24472.32,1619.09
F100028,2025-08,30792.09,21767.15,1714.74
F100029,2024-03,46885.99,31587.22,2906.77
F100029,2024-04,48420.81,31274.93,3257.72
F100029,2024-05,49905.95,34287.17,2967.57
F100029,2024-06,52156.62,34372.26,3379.03
F100029,2024-07,55120.33,38354.33,3185.54
F100029,2024-08,49520.9,33821.06,2982.97
F100029,2024-09,62015.89,37973.11,4568.13
F100029,2024-10,49297.61,33506.6,3000.29
F100029,2024-11,47446.59,28665.35,3568.43
F100029,2024-12,53722.33,34438.34,3663.96
F100029,2025-01,51451.84,36446.86,2850.95
F100029,2025-02,50189.17,36249.49,2648.54
F100029,2025-03,43305.52,30286.82,2473.55
F100029,2025-04,46465.06,31158.12,2908.32
F100029,2025-05,42351.92,26899.59,2935.94
F100029,2025-06,56766.27,38330.48,3502.8
F100029,2025-07,52233.47,34175.95,3430.93
F100029,2025-08,52573.78,33249.88,3671.54
F100030,2024-03,24067.0,13897.41,1932.22
F100030,2024-04,22646.6,12624.29,1904.24
F100030,2024-05,22776.01,12831.39,1889.48
F100030,2024-06,27619.63,15700.61,2264.61
F100030,2024-07,24793.62,14303.1,1993.2
F100030,2024-08,25212.46,13568.4,2212.37
F100030,2024-09,22340.11,11718.57,2018.09
F100030,2024-10,22187.02,10943.47,2136.27
F100030,2024-11,22173.21,12864.7,1768.62
F100030,2024-12,22369.6,11200.14,2122.2
F100030,2025-01,22282.64,11991.05,1955.4
F100030,2025-02,19810.4,9536.35,1952.07
F100030,2025-03,20496.09,10729.61,1855.63
F100030,2025-04,18578.92,9903.22,1648.38
F100030,2025-05,19352.02,9517.13,1868.63
F100030,2025-06,24137.5,13444.28,2031.71
F100030,2025-07,20466.2,9829.87,2020.9
F100030,2025-08,19542.74,10849.76,1651.67
F100031,2024-03,48109.77,30519.02,3342.24
F100031,2024-04,45153.71,32711.45,2364.03
F100031,2024-05,42733.41,30318.67,2358.8
F100031,2024-06,37981.11,24497.58,2561.87
F100031,2024-07,35043.9,25228.62,1864.9
F100031,2024-08,45456.91,33028.94,2361.31
F100031,2024-09,50225.85,32658.76,3337.75
F100031,2024-10,49309.75,37137.01,2312.82
F100031,2024-11,50313.75,32682.7,3349.9
F100031,2024-12,44589.58,30859.17,2608.78
F100031,2025-01,38419.63,29037.48,1782.61
F100031,2025-02,39465.51,24830.83,2780.59
F100031,2025-03,34910.83,23852.52,2101.08
F100031,2025-04,30348.5,21380.72,1703.88
F100031,2025-05,38557.43,24951.74,2585.08
F100031,2025-06,36620.7,25073.91,2193.89
F100031,2025-07,52328.64,36439.74,3018.89
F100031,2025-08,43380.72,27565.26,3004.94
F100032,2024-03,40442.31,20434.39,3801.51
F100032,2024-04,41716.56,23210.44,3516.16
F100032,2024-05,36380.98,18720.6,3355.47
F100032,2024-06,33445.45,18779.74,2786.48
F100032,2024-07,45465.8,27086.0,3492.16
F100032,2024-08,49059.49,25314.42,4511.56
F100032,2024-09,41049.3,21784.82,3660.25
F100032,2024-10,39420.03,20351.77,3622.97
F100032,2024-11,36298.98,20986.32,2909.4
F100032,2024-12,36158.86,20292.31,3014.65
F100032,2025-01,33226.62,17641.78,2961.12
F100032,2025-02,34911.37,18223.93,3170.61
F100032,2025-03,39836.36,22823.98,3232.35
F100032,2025-04,35932.33,21701.64,2703.83
F100032,2025-05,25845.88,13779.36,2292.64
F100032,2025-06,36085.11,18115.71,3414.18
F100032,2025-07,27170.43,15356.23,2244.7
F100032,2025-08,34703.65,20109.04,2772.98
F100033,2024-03,39758.39,29295.8,1987.89
F100033,2024-04,36049.55,25311.12,2040.3
F100033,2024-05,27070.51,20675.57,1215.04
F100033,2024-06,31903.11,21664.3,1945.37
F100033,2024-07,28784.67,23614.29,982.37
F100033,2024-08,38355.39,26636.3,2226.63
F100033,2024-09,31970.16,25540.97,1221.55
F100033,2024-10,36650.84,26003.07,2023.07
F100033,2024-11,27231.08,20087.74,1357.23
F100033,2024-12,33782.34,25290.95,1613.36
F100033,2025-01,41989.88,30958.6,2095.94
F100033,2025-02,24769.19,17959.72,1293.8
F100033,2025-03,39290.66,29744.51,1813.77
F100033,2025-04,26847.58,18724.32,1543.42
F100033,2025-05,34733.14,25322.24,1788.07
F100033,2025-06,38928.32,31487.57,1413.74
F100033,2025-07,37274.68,26432.59,2060.0
F100033,2025-08,27682.2,20490.55,1366.41
F100034,2024-03,33306.65,17776.42,2950.74
F100034,2024-04,39837.39,24704.72,2875.21
F100034,2024-05,31626.74,18835.03,2430.43
F100034,2024-06,36979.42,22714.51,2710.33
F100034,2024-07,37740.57,23521.04,2701.71
F100034,2024-08,30906.66,17110.28,2621.31
F100034,2024-09,34727.07,18753.07,3035.06
F100034,2024-10,30980.97,16977.71,2660.62
F100034,2024-11,33325.34,19631.32,2601.86
F100034,2024-12,36470.9,20304.35,3071.64
F100034,2025-01,26666.29,14699.58,2273.68
F100034,2025-02,29196.94,17210.97,2277.33
F100034,2025-03,33826.96,19254.54,2768.76
F100034,2025-04,31294.46,19815.88,2180.93
F100034,2025-05,33414.07,20553.46,2443.52
F100034,2025-06,29418.9,18221.17,2127.57
F100034,2025-07,32260.61,18875.89,2543.1
F100034,2025-08,32709.28,20667.12,2288.01
F100035,2024-03,34772.22,24748.75,1904.46
F100035,2024-04,31386.05,25021.04,1209.35
F100035,2024-05,34254.0,24276.37,1895.75
F100035,2024-06,34384.27,26156.15,1563.34
F100035,2024-07,34598.72,27177.65,1410.0
F100035,2024-08,33503.23,23406.01,1918.47
F100035,2024-09,39295.95,31852.98,1414.16
F100035,2024-10,34890.21,27227.24,1455.96
F100035,2024-11,34058.99,25017.9,1717.81
F100035,2024-12,29663.43,22132.72,1430.84
F100035,2025-01,31821.47,21790.85,1905.82
F100035,2025-02,30309.46,22227.03,1535.66
F100035,2025-03,29973.84,22271.3,1463.48
F100035,2025-04,23717.99,19044.95,887.88
F100035,2025-05,30855.11,23764.91,1347.14
F100035,2025-06,27821.37,19754.33,1532.74
F100035,2025-07,27549.47,20327.38,1372.2
F100035,2025-08,30029.74,23346.43,1269.83
F100036,2024-03,35320.28,25416.08,1881.8
F100036,2024-04,60155.14,40540.14,3726.85
F100036,2024-05,45047.47,33480.45,2197.73
F100036,2024-06,51104.79,32799.15,3478.07
F100036,2024-07,69173.55,45769.87,4446.7
F100036,2024-08,37121.77,25688.14,2172.39
F100036,2024-09,71242.15,54390.72,3201.77
F100036,2024-10,46369.85,33501.01,2445.08
F100036,2024-11,61199.12,45634.06,2957.36
F100036,2024-12,45251.96,30263.86,2847.74
F100036,2025-01,63056.67,42251.8,3952.93
F100036,2025-02,45233.92,32193.3,2477.72
F100036,2025-03,35414.24,22880.38,2381.43
F100036,2025-04,41073.28,29189.78,2257.87
F100036,2025-05,54074.58,38524.19,2954.57
F100036,2025-06,55246.63,40956.38,2715.15
F100036,2025-07,30961.09,20125.85,2058.7
F100036,2025-08,54336.39,41468.19,2444.96
F100037,2024-03,24837.12,14778.34,1911.17
F100037,2024-04,25270.52,15006.3,1950.2
F100037,2024-05,26636.44,16940.34,1842.26
F100037,2024-06,29487.05,16041.35,2554.68
F100037,2024-07,28543.34,17804.35,2040.41
F100037,2024-08,29110.58,17953.37,2119.87
F100037,2024-09,26644.32,14232.42,2358.26
F100037,2024-10,27105.42,14688.39,2359.24
F100037,2024-11,28193.56,15109.95,2485.89
F100037,2024-12,24853.18,13328.47,2189.7
F100037,2025-01,26446.41,14592.76,2252.19
F100037,2025-02,23043.16,13205.36,1869.18
F100037,2025-03,24069.42,13159.98,2072.79
F100037,2025-04,22305.9,13175.84,1734.71
F100037,2025-05,24722.32,15219.78,1805.48
F100037,2025-06,19439.48,10939.26,1615.04
F100037,2025-07,22647.4,14265.7,1592.52
F100037,2025-08,25043.08,14634.47,1977.64
F100038,2024-03,31382.32,19382.62,2279.94
F100038,2024-04,43787.92,23721.71,3812.58
F100038,2024-05,34352.42,19573.1,2808.07
F100038,2024-06,36520.81,19126.12,3304.99
F100038,2024-07,24968.79,15349.09,1827.74
F100038,2024-08,36098.14,21079.83,2853.48
F100038,2024-09,35544.45,21824.28,2606.83
F100038,2024-10,21344.05,12867.78,1610.49
F100038,2024-11,24707.33,13185.62,2189.13
F100038,2024-12,29120.54,17166.66,2271.24
F100038,2025-01,27066.94,16032.17,2096.61
F100038,2025-02,23072.24,13652.41,1789.77
F100038,2025-03,23673.52,12652.79,2093.94
F100038,2025-04,25718.44,15594.42,1923.56
F100038,2025-05,33118.96,20250.59,2444.99
F100038,2025-06,20641.49,12612.76,1525.46
F100038,2025-07,25657.81,13355.36,2337.47
F100038,2025-08,31853.09,18223.99,2589.53
F100039,2024-03,38447.39,21971.13,3130.49
F100039,2024-04,37604.87,22645.26,2842.33
F100039,2024-05,46463.57,28746.44,3366.25
F100039,2024-06,45431.3,28939.25,3133.49
F100039,2024-07,40732.17,22998.49,3369.4
F100039,2024-08,49804.1,26417.46,4443.46
F100039,2024-09,40291.72,24639.85,2973.86
F100039,2024-10,43036.62,25435.29,3344.25
F100039,2024-11,37903.6,22286.57,2967.24
F100039,2024-12,33057.3,18759.94,2716.5
F100039,2025-01,39532.97,22640.71,3209.53
F100039,2025-02,31006.29,16608.76,2735.53
F100039,2025-03,30203.73,16240.99,2652.92
F100039,2025-04,29109.16,15347.38,2614.74
F100039,2025-05,37605.48,22392.32,2890.5
F100039,2025-06,33609.17,21395.57,2320.58
F100039,2025-07,34660.45,22103.6,2385.8
F100039,2025-08,30139.11,16962.47,2503.56
F100040,2024-03,28092.79,20296.29,1481.34
F100040,2024-04,30676.96,21292.84,1782.98
F100040,2024-05,30849.17,21910.71,1698.31
F100040,2024-06,35482.99,26893.31,1632.04
F100040,2024-07,31418.59,22432.55,1707.35
F100040,2024-08,36476.29,27803.5,1647.83
F100040,2024-09,38833.06,30308.5,1619.67
F100040,2024-10,38484.97,28942.21,1813.12
F100040,2024-11,33259.78,23061.0,1937.77
F100040,2024-12,34125.64,25629.89,1614.19
F100040,2025-01,32470.93,23026.3,1794.48
F100040,2025-02,38449.79,31059.42,1404.17
F100040,2025-03,28558.84,22029.21,1240.63
F100040,2025-04,33905.36,23859.43,1908.73
F100040,2025-05,35792.22,26390.82,1786.27
F100040,2025-06,35089.29,24840.72,1947.23
F100040,2025-07,37809.34,28925.34,1687.96
F100040,2025-08,30916.99,20789.62,1924.2
F100041,2024-03,57194.08,33693.59,4465.09
F100041,2024-04,59863.82,34702.73,4780.61
F100041,2024-05,38645.46,21236.11,3307.78
F100041,2024-06,58664.48,32443.82,4981.92
F100041,2024-07,71266.8,40792.94,5790.03
F100041,2024-08,46948.0,26840.35,3820.45
F100041,2024-09,46527.44,27356.43,3642.49
F100041,2024-10,53397.96,29053.89,4625.37
F100041,2024-11,48600.43,25021.19,4480.06
F100041,2024-12,44912.5,26872.27,3427.64
F100041,2025-01,56170.31,33260.13,4352.93
F100041,2025-02,40183.9,24466.4,2986.33
F100041,2025-03,41466.8,23552.51,3403.72
F100041,2025-04,58640.85,31419.89,5171.98
F100041,2025-05,47061.37,26863.47,3837.6
F100041,2025-06,53796.72,27955.85,4909.77
F100041,2025-07,29474.89,17977.83,2184.44
F100041,2025-08,66994.53,35310.96,6019.88
F100042,2024-03,43742.82,30966.73,2427.46
F100042,2024-04,40861.42,25377.12,2942.02
F100042,2024-05,40342.98,24183.89,3070.23
F100042,2024-06,46442.49,29535.19,3212.39
F100042,2024-07,38799.61,24524.48,2712.27
F100042,2024-08,37275.07,25160.15,2301.83
F100042,2024-09,37763.62,24285.91,2560.77
F100042,2024-10,39271.83,27023.28,2327.23
F100042,2024-11,41905.07,28551.19,2537.24
F100042,2024-12,43890.15,28328.47,2956.72
F100042,2025-01,38285.63,23637.49,2783.15
F100042,2025-02,38507.03,24153.35,2727.2
F100042,2025-03,37843.09,22291.47,2954.81
F100042,2025-04,39059.0,27630.49,2171.42
F100042,2025-05,36178.91,25304.53,2066.13
F100042,2025-06,36406.2,23117.29,2524.89
F100042,2025-07,42673.36,30407.64,2330.49
F100042,2025-08,44226.56,28377.63,3011.3
F100043,2024-03,46561.27,22495.44,4572.51
F100043,2024-04,44387.44,22760.79,4109.06
F100043,2024-05,46412.77,23045.39,4439.8
F100043,2024-06,54590.76,28101.59,5032.94
F100043,2024-07,51304.2,25614.49,4881.04
F100043,2024-08,56117.21,27086.91,5515.76
F100043,2024-09,51309.12,25200.93,4960.56
F100043,2024-10,46917.11,20750.23,4971.71
F100043,2024-11,46505.74,21723.77,4708.57
F100043,2024-12,41051.21,19755.87,4046.12
F100043,2025-01,43863.15,21642.29,4221.96
F100043,2025-02,45738.96,24495.47,4036.26
F100043,2025-03,40042.79,19158.57,3968.0
F100043,2025-04,47026.73,22629.43,4635.49
F100043,2025-05,48605.33,23923.09,4689.63
F100043,2025-06,44732.76,20058.72,4688.07
F100043,2025-07,48422.63,22405.3,4943.29
F100043,2025-08,47805.41,21609.29,4977.26
F100044,2024-03,84286.66,45999.52,7274.56
F100044,2024-04,56851.97,29776.38,5144.36
F100044,2024-05,72864.53,41311.15,5995.14
F100044,2024-06,74280.65,38641.99,6771.35
F100044,2024-07,71617.88,33660.81,7211.84
F100044,2024-08,75606.79,42059.66,6373.95
F100044,2024-09,59610.35,28052.49,5995.99
F100044,2024-10,49622.39,27481.79,4206.71
F100044,2024-11,51349.66,27890.94,4457.16
F100044,2024-12,49340.57,26605.02,4319.75
F100044,2025-01,63014.47,35247.02,5275.82
F100044,2025-02,66478.86,33440.2,6277.34
F100044,2025-03,58228.39,32993.2,4794.69
F100044,2025-04,57341.56,29364.91,5315.56
F100044,2025-05,52397.58,26812.15,4861.23
F100044,2025-06,57816.48,29193.01,5438.46
F100044,2025-07,50861.82,24555.17,4998.26
F100044,2025-08,66776.75,31375.95,6726.15
F100045,2024-03,64646.9,45104.04,3713.14
F100045,2024-04,62736.26,50182.95,2385.13
F100045,2024-05,64202.29,47981.37,3081.97
F100045,2024-06,69088.65,51530.98,3335.96
F100045,2024-07,63141.03,42420.04,3936.99
F100045,2024-08,67726.55,48985.55,3560.79
F100045,2024-09,66251.45,48848.1,3306.64
F100045,2024-10,56866.54,38664.57,3458.37
F100045,2024-11,51527.06,36611.68,2833.92
F100045,2024-12,54328.98,37377.08,3220.86
F100045,2025-01,64185.0,46157.67,3425.19
F100045,2025-02,67609.01,52958.57,2783.58
F100045,2025-03,45471.15,32056.9,2548.71
F100045,2025-04,41121.32,32871.8,1567.41
F100045,2025-05,54200.62,38696.66,2945.75
F100045,2025-06,44297.33,33294.31,2090.57
F100045,2025-07,65624.13,44654.84,3984.16
F100045,2025-08,72283.19,57561.65,2797.09
F100046,2024-03,23415.19,13074.51,1964.73
F100046,2024-04,27460.59,17155.58,1957.95
F100046,2024-05,36694.71,21352.02,2915.11
F100046,2024-06,35158.77,21958.37,2508.08
F100046,2024-07,28462.73,16601.77,2253.58
F100046,2024-08,32531.55,19165.84,2539.49
F100046,2024-09,26310.9,16725.73,1821.18
F100046,2024-10,34596.12,18807.53,2999.83
F100046,2024-11,23087.02,12942.91,1927.38
F100046,2024-12,32921.86,19139.79,2618.59
F100046,2025-01,24571.64,14053.02,1998.54
F100046,2025-02,27713.86,17490.82,1942.38
F100046,2025-03,26807.33,14966.06,2249.84
F100046,2025-04,25627.41,16097.15,1810.75
F100046,2025-05,24809.73,14863.67,1889.75
F100046,2025-06,25871.62,16225.1,1832.84
F100046,2025-07,32732.41,20008.73,2417.5
F100046,2025-08,32632.09,19592.85,2477.46
F100047,2024-03,30868.25,16223.24,2782.55
F100047,2024-04,42892.03,21973.95,3974.44
F100047,2024-05,44109.11,26766.27,3295.14
F100047,2024-06,41728.66,25252.28,3130.51
F100047,2024-07,45334.89,24204.84,4014.71
F100047,2024-08,40334.71,24129.36,3079.02
F100047,2024-09,44867.13,27016.87,3391.55
F100047,2024-10,38313.71,23047.32,2900.62
F100047,2024-11,37187.42,22245.15,2839.03
F100047,2024-12,45772.99,26192.23,3720.34
F100047,2025-01,36612.77,22297.28,2719.94
F100047,2025-02,27062.85,14308.43,2423.34
F100047,2025-03,30553.53,16557.47,2659.25
F100047,2025-04,29220.28,15814.62,2547.08
F100047,2025-05,16181.02,9686.68,1233.92
F100047,2025-06,42399.97,25901.64,3134.68
F100047,2025-07,34421.94,20980.08,2553.95
F100047,2025-08,38655.64,22627.29,3045.39
F100048,2024-03,42872.97,22240.31,3920.21
F100048,2024-04,34771.48,17047.22,3367.61
F100048,2024-05,33788.58,18215.06,2958.97
F100048,2024-06,49373.1,23926.12,4834.93
F100048,2024-07,32556.23,15876.0,3169.24
F100048,2024-08,38424.96,19659.95,3565.35
F100048,2024-09,36864.03,21106.55,2993.92
F100048,2024-10,46430.76,26294.05,3825.98
F100048,2024-11,35501.58,18809.29,3171.54
F100048,2024-12,39171.4,20872.35,3476.82
F100048,2025-01,37170.26,21970.56,2887.94
F100048,2025-02,41234.16,22316.44,3594.37
F100048,2025-03,25800.27,15263.85,2001.92
F100048,2025-04,34835.0,19999.64,2818.72
F100048,2025-05,29821.2,14544.82,2902.51
F100048,2025-06,22069.8,12076.37,1898.75
F100048,2025-07,27150.98,13617.46,2571.37
F100048,2025-08,41527.45,22389.68,3636.18
F100049,2024-03,41649.29,25889.84,2994.29
F100049,2024-04,41558.71,26690.82,2824.9
F100049,2024-05,66163.72,44276.32,4158.61
F100049,2024-06,44887.8,31645.52,2516.03
F100049,2024-07,49629.59,33235.53,3114.87
F100049,2024-08,52048.94,35645.92,3116.57
F100049,2024-09,45987.2,31966.79,2663.88
F100049,2024-10,42817.54,31368.36,2175.35
F100049,2024-11,41569.35,30750.41,2055.6
F100049,2024-12,48548.53,32211.25,3104.08
F100049,2025-01,42769.42,26343.85,3120.86
F100049,2025-02,48313.31,30078.09,3464.69
F100049,2025-03,46177.34,31119.0,2861.09
F100049,2025-04,48484.62,34899.95,2581.09
F100049,2025-05,41217.73,30806.73,1978.09
F100049,2025-06,32406.84,23103.35,1767.66
F100049,2025-07,41376.91,29625.31,2232.8
F100049,2025-08,40871.85,26244.1,2779.27
F100050,2024-03,53536.87,33946.33,3722.2
F100050,2024-04,61444.58,40519.88,3975.69
F100050,2024-05,44618.19,31437.76,2504.28
F100050,2024-06,78984.31,50880.84,5339.66
F100050,2024-07,71566.19,53549.12,3423.24
F100050,2024-08,44184.79,29253.7,2836.91
F100050,2024-09,49240.6,36231.29,2471.77
F100050,2024-10,51205.19,33475.08,3368.72
F100050,2024-11,66747.89,46105.6,3922.03
F100050,2024-12,54733.54,39642.56,2867.29
F100050,2025-01,64193.12,44919.66,3661.96
F100050,2025-02,48893.84,31345.77,3334.13
F100050,2025-03,53683.27,34982.3,3553.18
F100050,2025-04,50145.91,36217.97,2646.31
F100050,2025-05,43758.21,28922.56,2818.77
F100050,2025-06,43481.7,28084.79,2925.41
F100050,2025-07,48723.55,30695.58,3425.31
F100050,2025-08,68865.07,43110.41,4893.39
F100051,2024-03,65441.31,45251.5,3836.06
F100051,2024-04,55315.2,35249.53,3812.48
F100051,2024-05,52516.55,31013.02,4085.67
F100051,2024-06,54208.76,37377.4,3197.96
F100051,2024-07,66709.23,42765.27,4549.35
F100051,2024-08,61603.33,36531.36,4763.67
F100051,2024-09,64039.26,39295.85,4701.25
F100051,2024-10,56554.26,37406.67,3638.04
F100051,2024-11,58862.52,41278.66,3340.93
F100051,2024-12,42845.11,29675.56,2502.21
F100051,2025-01,56686.49,40022.98,3166.07
F100051,2025-02,44656.82,27007.88,3353.3
F100051,2025-03,74777.31,44079.99,5832.49
F100051,2025-04,46932.62,32154.97,2807.75
F100051,2025-05,46630.12,29915.19,3175.84
F100051,2025-06,33757.83,23077.65,2029.23
F100051,2025-07,44289.89,30788.9,2565.19
F100051,2025-08,42450.13,25093.46,3297.77
F100052,2024-03,25067.33,16340.29,1658.14
F100052,2024-04,21860.67,13742.88,1542.38
F100052,2024-05,30119.73,16755.48,2539.21
F100052,2024-06,21174.92,13410.36,1475.27
F100052,2024-07,23794.37,13950.33,1870.37
F100052,2024-08,29982.01,18862.63,2112.68
F100052,2024-09,24359.23,13547.43,2054.24
F100052,2024-10,28310.55,18669.38,1831.82
F100052,2024-11,26509.8,17789.92,1656.78
F100052,2024-12,22149.74,14210.0,1508.55
F100052,2025-01,26917.33,18079.28,1679.23
F100052,2025-02,17766.43,11814.5,1130.87
F100052,2025-03,21811.17,14658.93,1358.92
F100052,2025-04,21792.67,14757.08,1336.76
F100052,2025-05,24712.11,16747.02,1513.37
F100052,2025-06,17639.99,11963.88,1078.46
F100052,2025-07,24816.96,14184.76,2020.12
F100052,2025-08,29290.56,16655.35,2400.69
F100053,2024-03,59927.84,46070.84,2632.83
F100053,2024-04,51242.62,37708.53,2571.48
F100053,2024-05,62022.44,44789.82,3274.2
F100053,2024-06,84071.86,55056.8,5512.86
F100053,2024-07,68846.26,50918.27,3406.32
F100053,2024-08,81600.87,62878.99,3557.16
F100053,2024-09,76868.3,53747.48,4392.96
F100053,2024-10,73422.76,49449.94,4554.84
F100053,2024-11,65862.76,44964.76,3970.62
F100053,2024-12,72269.34,52216.56,3810.03
F100053,2025-01,59783.75,38862.14,3975.1
F100053,2025-02,58991.88,42782.62,3079.76
F100053,2025-03,67436.36,46242.47,4026.84
F100053,2025-04,67657.18,46744.53,3973.4
F100053,2025-05,67575.2,46797.58,3947.75
F100053,2025-06,61707.85,39962.56,4131.6
F100053,2025-07,62387.91,43196.9,3646.29
F100053,2025-08,59950.75,41570.36,3492.27
F100054,2024-03,23992.04,16868.6,1353.45
F100054,2024-04,26153.48,16002.21,1928.74
F100054,2024-05,22313.9,13936.13,1591.78
F100054,2024-06,24630.36,17500.11,1354.75
F100054,2024-07,26923.23,16593.69,1962.61
F100054,2024-08,26067.63,18016.06,1529.8
F100054,2024-09,26258.32,16289.32,1894.11
F100054,2024-10,25148.23,16868.86,1573.08
F100054,2024-11,20635.56,14481.34,1169.3
F100054,2024-12,24693.68,15655.75,1717.21
F100054,2025-01,20529.86,14541.07,1137.87
F100054,2025-02,22633.39,13405.52,1753.3
F100054,2025-03,24542.18,16565.34,1515.6
F100054,2025-04,24402.43,14552.33,1871.52
F100054,2025-05,19388.45,13708.02,1079.28
F100054,2025-06,18926.98,11467.99,1417.21
F100054,2025-07,25177.09,16124.74,1719.95
F100054,2025-08,25201.43,16700.12,1615.25
F100055,2024-03,54320.4,42889.16,2171.94
F100055,2024-04,44299.71,33208.93,2107.25
F100055,2024-05,58040.04,41150.05,3209.1
F100055,2024-06,38838.52,29216.9,1828.11
F100055,2024-07,50126.44,34980.44,2877.74
F100055,2024-08,47720.2,37467.81,1947.95
F100055,2024-09,52145.12,38111.87,2666.32
F100055,2024-10,39414.19,29693.45,1846.94
F100055,2024-11,43095.86,32095.4,2090.09
F100055,2024-12,51737.33,39941.94,2241.12
F100055,2025-01,49983.18,36693.69,2525.0
F100055,2025-02,44269.54,32887.08,2162.67
F100055,2025-03,46932.68,36603.98,1962.45
F100055,2025-04,37024.33,27760.5,1760.13
F100055,2025-05,42539.44,33290.79,1757.24
F100055,2025-06,58998.27,39491.52,3706.28
F100055,2025-07,42320.92,30959.69,2158.63
F100055,2025-08,49418.89,37401.05,2283.39
F100056,2024-03,61019.04,32228.74,5470.16
F100056,2024-04,65090.32,30997.3,6477.67
F100056,2024-05,73714.75,35903.79,7184.08
F100056,2024-06,66064.95,29768.82,6896.27
F100056,2024-07,76553.56,34639.14,7963.74
F100056,2024-08,76466.16,36895.87,7518.35
F100056,2024-09,55158.28,28972.43,4975.31
F100056,2024-10,68988.3,35569.0,6349.67
F100056,2024-11,70834.03,36159.73,6588.12
F100056,2024-12,62890.26,27462.56,6731.26
F100056,2025-01,59280.6,28147.69,5915.25
F100056,2025-02,60971.66,28287.73,6209.95
F100056,2025-03,59667.36,28408.86,5939.11
F100056,2025-04,48682.98,21567.64,5151.91
F100056,2025-05,53644.21,28223.99,4829.84
F100056,2025-06,52400.4,26069.43,5002.88
F100056,2025-07,58985.48,27832.59,5919.05
F100056,2025-08,51014.96,26100.64,4733.72
F100057,2024-03,69611.1,38055.63,5995.54
F100057,2024-04,72236.04,45976.72,4989.27
F100057,2024-05,87520.35,55599.82,6064.9
F100057,2024-06,76769.37,41836.75,6637.2
F100057,2024-07,79560.59,49109.5,5785.71
F100057,2024-08,88655.49,52563.37,6857.5
F100057,2024-09,88191.78,51870.7,6901.01
F100057,2024-10,89317.6,56710.28,6195.39
F100057,2024-11,49740.13,28306.04,4072.48
F100057,2024-12,52785.53,32849.27,3787.89
F100057,2025-01,67379.56,35762.09,6007.32
F100057,2025-02,91406.93,49299.07,8000.49
F100057,2025-03,77488.56,40850.58,6961.22
F100057,2025-04,63272.43,38820.92,4645.79
F100057,2025-05,46109.12,27771.08,3484.23
F100057,2025-06,61107.26,37004.61,4579.5
F100057,2025-07,43039.57,27016.91,3044.3
F100057,2025-08,66509.93,38545.99,5313.15
F100058,2024-03,31692.07,17199.3,2753.63
F100058,2024-04,28704.36,16475.8,2323.43
F100058,2024-05,35056.66,19736.33,2910.86
F100058,2024-06,36697.74,22474.39,2702.44
F100058,2024-07,34194.07,20075.33,2682.56
F100058,2024-08,34410.11,18827.17,2960.76
F100058,2024-09,39760.89,23777.76,3036.79
F100058,2024-10,37697.15,22103.5,2962.79
F100058,2024-11,36818.22,21769.44,2859.27
F100058,2024-12,32221.13,17251.74,2844.18
F100058,2025-01,32916.85,20286.78,2399.71
F100058,2025-02,32658.94,16775.28,3017.89
F100058,2025-03,30480.24,17001.64,2560.93
F100058,2025-04,32500.43,16887.22,2966.51
F100058,2025-05,26724.8,14466.18,2329.14
F100058,2025-06,32642.78,20393.6,2327.34
F100058,2025-07,34338.83,19539.94,2811.79
F100058,2025-08,33048.92,20694.27,2347.38
F100059,2024-03,36185.19,24974.0,2130.13
F100059,2024-04,35980.01,23414.47,2387.45
F100059,2024-05,27854.36,18493.18,1778.62
F100059,2024-06,34283.27,20517.08,2615.57
F100059,2024-07,40926.2,23230.42,3362.2
F100059,2024-08,36652.36,22405.06,2706.99
F100059,2024-09,34206.46,20270.81,2647.77
F100059,2024-10,34973.89,19972.52,2850.26
F100059,2024-11,34463.43,22924.92,2192.32
F100059,2024-12,28594.17,16391.33,2318.54
F100059,2025-01,24827.07,16330.48,1614.35
F100059,2025-02,30074.72,18386.93,2220.68
F100059,2025-03,30565.88,18760.94,2242.94
F100059,2025-04,34481.4,20976.71,2565.89
F100059,2025-05,29265.17,17195.88,2293.16
F100059,2025-06,35601.82,23993.99,2205.49
F100059,2025-07,29085.1,19354.76,1848.76
F100059,2025-08,33830.55,19861.09,2654.2
F100060,2024-03,30450.11,21699.03,1662.7
F100060,2024-04,25903.32,17431.49,1609.65
F100060,2024-05,26185.62,18025.82,1550.36
F100060,2024-06,30972.16,21965.48,1711.27
F100060,2024-07,24948.54,16724.25,1562.62
F100060,2024-08,33574.8,21073.95,2375.16
F100060,2024-09,27640.25,18316.73,1771.47
F100060,2024-10,28716.82,17267.36,2175.4
F100060,2024-11,29591.35,20333.54,1758.99
F100060,2024-12,24444.81,16155.15,1575.04
F100060,2025-01,32931.06,22645.29,1954.3
F100060,2025-02,25012.64,16704.77,1578.49
F100060,2025-03,28331.72,20087.78,1566.35
F100060,2025-04,27258.75,16257.39,2090.26
F100060,2025-05,25591.79,17394.64,1557.46
F100060,2025-06,26019.67,15711.66,1958.52
F100060,2025-07,28449.12,18820.29,1829.48
F100060,2025-08,25769.22,15520.36,1947.28
F100061,2024-03,39827.89,22427.95,3305.99
F100061,2024-04,37024.3,19108.21,3404.06
F100061,2024-05,21314.45,11824.99,1803.0
F100061,2024-06,46747.3,22974.48,4516.84
F100061,2024-07,40649.85,19347.86,4047.38
F100061,2024-08,31521.69,17497.53,2664.59
F100061,2024-09,41003.17,20465.17,3902.22
F100061,2024-10,37823.32,19175.31,3543.12
F100061,2024-11,36432.98,18566.42,3394.65
F100061,2024-12,47688.85,24796.14,4349.61
F100061,2025-01,46740.38,24119.68,4297.93
F100061,2025-02,33487.02,18907.64,2770.08
F100061,2025-03,37071.97,18892.1,3454.17
F100061,2025-04,46447.59,23843.47,4294.78
F100061,2025-05,33676.24,19347.52,2722.46
F100061,2025-06,38754.22,20127.59,3539.06
F100061,2025-07,39095.6,21652.81,3314.13
F100061,2025-08,48864.58,25436.98,4451.24
F100062,2024-03,22139.43,11810.71,1962.46
F100062,2024-04,25008.29,14985.52,1904.33
F100062,2024-05,24830.69,15925.12,1692.06
F100062,2024-06,25244.51,13628.98,2206.95
F100062,2024-07,24349.89,15051.11,1766.77
F100062,2024-08,23932.49,15104.2,1677.37
F100062,2024-09,22447.5,12053.4,1974.88
F100062,2024-10,23513.22,13554.86,1892.09
F100062,2024-11,24654.06,15987.24,1646.7
F100062,2024-12,22944.04,12314.1,2019.69
F100062,2025-01,22255.18,13701.32,1625.23
F100062,2025-02,19808.15,11263.6,1623.47
F100062,2025-03,19149.62,11823.66,1391.93
F100062,2025-04,19702.39,11638.29,1532.18
F100062,2025-05,17612.88,9439.3,1552.98
F100062,2025-06,19132.55,12213.01,1314.71
F100062,2025-07,20918.3,12046.69,1685.61
F100062,2025-08,19359.99,11715.5,1452.45
F100063,2024-03,34072.67,20459.23,2586.55
F100063,2024-04,32267.83,16614.27,2974.18
F100063,2024-05,35479.1,21308.01,2692.51
F100063,2024-06,39893.65,23450.92,3124.12
F100063,2024-07,38126.65,22417.91,2984.66
F100063,2024-08,40261.68,20717.5,3713.39
F100063,2024-09,35173.96,18805.99,3109.91
F100063,2024-10,35211.11,20102.78,2870.58
F100063,2024-11,34631.03,18575.4,3050.57
F100063,2024-12,34116.91,21196.54,2454.87
F100063,2025-01,31668.17,18812.55,2442.57
F100063,2025-02,34776.96,19281.75,2944.09
F100063,2025-03,29367.35,16456.34,2453.09
F100063,2025-04,27964.46,16996.45,2083.92
F100063,2025-05,29166.34,17755.71,2168.02
F100063,2025-06,32655.52,19099.68,2575.61
F100063,2025-07,34097.41,17527.57,3148.27
F100063,2025-08,32931.99,17377.18,2955.41
F100064,2024-03,32032.58,19664.94,2349.85
F100064,2024-04,32276.46,21348.93,2076.23
F100064,2024-05,28718.48,18756.66,1892.74
F100064,2024-06,26439.83,17563.0,1686.6
F100064,2024-07,33746.71,20979.29,2425.81
F100064,2024-08,30466.82,22290.93,1553.42
F100064,2024-09,29528.39,19362.28,1931.56
F100064,2024-10,29589.09,21599.53,1518.02
F100064,2024-11,29598.87,19554.42,1908.44
F100064,2024-12,21774.88,13464.18,1579.03
F100064,2025-01,20603.49,12784.81,1485.55
F100064,2025-02,25048.83,17812.53,1374.9
F100064,2025-03,21076.56,15274.53,1102.39
F100064,2025-04,25741.99,17965.26,1477.58
F100064,2025-05,23589.04,17196.56,1214.57
F100064,2025-06,24679.26,17492.29,1365.52
F100064,2025-07,26570.43,16145.79,1980.68
F100064,2025-08,33402.06,21360.44,2287.91
F100065,2024-03,37540.93,22321.97,2891.6
F100065,2024-04,38226.11,22144.23,3055.56
F100065,2024-05,28061.92,16915.39,2117.84
F100065,2024-06,48653.48,26847.23,4143.19
F100065,2024-07,29927.01,17790.74,2305.89
F100065,2024-08,30818.61,19379.22,2173.48
F100065,2024-09,35560.64,22782.95,2427.76
F100065,2024-10,39670.36,26060.7,2585.84
F100065,2024-11,34402.54,22108.89,2335.79
F100065,2024-12,29053.67,18649.38,1976.82
F100065,2025-01,29155.37,16047.35,2490.52
F100065,2025-02,26997.63,15722.07,2142.36
F100065,2025-03,33638.38,21502.2,2305.87
F100065,2025-04,33311.43,20163.19,2498.16
F100065,2025-05,25319.01,16314.89,1710.78
F100065,2025-06,23001.34,13158.36,1870.17
F100065,2025-07,31643.01,19003.1,2401.58
F100065,2025-08,16477.19,9615.27,1303.77
F100066,2024-03,32083.08,21350.89,2039.12
F100066,2024-04,30739.43,20446.62,1955.63
F100066,2024-05,32906.34,19891.53,2472.81
F100066,2024-06,25543.62,16401.92,1736.92
F100066,2024-07,29655.93,18975.61,2029.26
F100066,2024-08,29016.41,19239.39,1857.63
F100066,2024-09,41497.17,26896.83,2774.06
F100066,2024-10,39049.52,22765.71,3093.92
F100066,2024-11,31124.93,19374.51,2232.58
F100066,2024-12,33169.18,21997.7,2122.58
F100066,2025-01,37096.05,23376.42,2606.73
F100066,2025-02,35907.55,24017.88,2259.04
F100066,2025-03,27824.57,17437.84,1973.48
F100066,2025-04,24496.42,14134.62,1968.74
F100066,2025-05,38012.41,22502.62,2946.86
F100066,2025-06,31867.81,20812.98,2100.42
F100066,2025-07,29771.82,18819.51,2080.94
F100066,2025-08,31412.41,19355.11,2290.89
F100067,2024-03,63744.02,39278.3,4648.49
F100067,2024-04,64879.05,39605.82,4801.91
F100067,2024-05,70996.02,41850.31,5537.69
F100067,2024-06,71096.6,44197.69,5110.79
F100067,2024-07,69387.18,38073.33,5949.63
F100067,2024-08,70252.19,39328.57,5875.49
F100067,2024-09,75180.75,45148.31,5706.16
F100067,2024-10,65296.92,34606.78,5831.13
F100067,2024-11,69400.31,42766.35,5060.45
F100067,2024-12,59945.37,38657.59,4044.68
F100067,2025-01,62522.61,36741.15,4898.48
F100067,2025-02,64417.89,40678.77,4510.43
F100067,2025-03,54896.89,29665.41,4793.98
F100067,2025-04,58889.73,35435.99,4456.21
F100067,2025-05,56042.95,30798.46,4796.45
F100067,2025-06,60345.1,33616.51,5078.43
F100067,2025-07,60319.99,34382.76,4928.07
F100067,2025-08,62912.11,33434.45,5600.76
F100068,2024-03,41515.63,31510.2,1901.03
F100068,2024-04,45010.7,29619.33,2924.36
F100068,2024-05,49224.02,33803.55,2929.89
F100068,2024-06,42755.97,30884.72,2255.54
F100068,2024-07,38641.48,27540.05,2109.27
F100068,2024-08,41369.12,29543.89,2246.79
F100068,2024-09,44070.97,27907.92,3070.98
F100068,2024-10,48932.23,36109.02,2436.41
F100068,2024-11,40898.71,27947.15,2460.8
F100068,2024-12,39712.81,28597.21,2111.96
F100068,2025-01,34109.61,22392.32,2226.28
F100068,2025-02,40630.2,28386.51,2326.3
F100068,2025-03,38532.19,28983.15,1814.32
F100068,2025-04,39599.01,28761.45,2059.14
F100068,2025-05,39096.95,26576.39,2378.91
F100068,2025-06,36181.38,27557.39,1638.56
F100068,2025-07,38596.44,25390.87,2509.06
F100068,2025-08,36617.57,26582.48,1906.67
F100069,2024-03,16245.94,11071.62,983.12
F100069,2024-04,16857.29,11451.73,1027.06
F100069,2024-05,20750.05,13138.87,1446.12
F100069,2024-06,21179.27,14999.37,1174.18
F100069,2024-07,17554.75,11491.8,1151.96
F100069,2024-08,17916.22,11652.61,1190.09
F100069,2024-09,21666.25,15046.8,1257.7
F100069,2024-10,16778.93,12109.65,887.16
F100069,2024-11,17730.43,12798.38,937.09
F100069,2024-12,22473.75,15106.43,1399.79
F100069,2025-01,18972.35,11342.83,1449.61
F100069,2025-02,17558.1,12419.52,976.33
F100069,2025-03,14144.48,8751.38,1024.69
F100069,2025-04,17101.8,11211.69,1119.12
F100069,2025-05,15989.52,9744.25,1186.6
F100069,2025-06,16867.19,11704.25,980.96
F100069,2025-07,15390.63,9966.48,1030.59
F100069,2025-08,14128.65,8888.8,995.57
F100070,2024-03,49188.6,27728.42,4077.43
F100070,2024-04,62649.91,36333.78,5000.06
F100070,2024-05,83938.9,45161.75,7367.66
F100070,2024-06,69248.3,40218.1,5515.74
F100070,2024-07,73927.7,45406.71,5418.99
F100070,2024-08,63610.77,40786.74,4336.57
F100070,2024-09,57210.58,35715.69,4084.03
F100070,2024-10,65386.62,35284.41,5719.42
F100070,2024-11,57873.16,32691.7,4784.48
F100070,2024-12,73156.7,45625.46,5230.94
F100070,2025-01,72050.61,39570.42,6171.24
F100070,2025-02,50515.15,30137.36,3871.78
F100070,2025-03,54310.17,30448.88,4533.64
F100070,2025-04,33136.95,18209.26,2836.26
F100070,2025-05,34461.41,18514.2,3029.97
F100070,2025-06,63104.45,38329.32,4707.27
F100070,2025-07,46263.53,28555.48,3364.53
F100070,2025-08,71291.04,41385.93,5681.97
F100071,2024-03,38702.61,18918.32,3759.01
F100071,2024-04,35974.7,17576.68,3495.62
F100071,2024-05,38632.79,16485.05,4208.07
F100071,2024-06,34541.01,14570.34,3794.43
F100071,2024-07,41590.22,17700.67,4539.01
F100071,2024-08,37209.89,17929.1,3663.35
F100071,2024-09,34866.72,16369.83,3514.41
F100071,2024-10,42747.66,19919.12,4337.42
F100071,2024-11,35400.97,15988.9,3688.29
F100071,2024-12,33903.74,13781.49,3823.23
F100071,2025-01,27482.34,13207.19,2712.28
F100071,2025-02,22924.6,11032.65,2259.47
F100071,2025-03,35034.39,14627.36,3877.34
F100071,2025-04,37363.68,17711.31,3733.95
F100071,2025-05,32808.11,14827.31,3416.35
F100071,2025-06,25283.72,11773.17,2567.0
F100071,2025-07,33668.9,14298.87,3680.31
F100071,2025-08,35732.15,16289.6,3694.09
F100072,2024-03,51663.72,37521.07,2687.1
F100072,2024-04,65531.01,47308.61,3462.26
F100072,2024-05,55718.02,41266.55,2745.78
F100072,2024-06,71337.54,53001.01,3483.94
F100072,2024-07,64458.45,44227.74,3843.83
F100072,2024-08,58913.68,39956.72,3601.82
F100072,2024-09,64571.45,49253.77,2910.36
F100072,2024-10,59763.62,47089.7,2408.04
F100072,2024-11,54637.77,41093.91,2573.33
F100072,2024-12,71196.03,50544.7,3923.75
F100072,2025-01,53994.43,37736.18,3089.07
F100072,2025-02,59559.15,39239.05,3860.82
F100072,2025-03,40506.51,30261.68,1946.52
F100072,2025-04,54651.99,35362.43,3665.02
F100072,2025-05,44071.87,33699.79,1970.69
F100072,2025-06,55633.73,38668.48,3223.4
F100072,2025-07,59277.81,40883.82,3494.86
F100072,2025-08,42939.31,32089.96,2061.38
F100073,2024-03,28388.65,21154.36,1374.51
F100073,2024-04,47722.74,36455.42,2140.79
F100073,2024-05,42198.06,30035.87,2310.82
F100073,2024-06,39672.4,32020.78,1453.81
F100073,2024-07,34280.15,26779.42,1425.14
F100073,2024-08,42124.7,32098.84,1904.91
F100073,2024-09,31947.46,24516.9,1411.81
F100073,2024-10,42120.7,34225.23,1500.14
F100073,2024-11,33160.93,24234.3,1696.06
F100073,2024-12,36815.02,28675.99,1546.42
F100073,2025-01,34438.97,23414.57,2094.64
F100073,2025-02,33308.64,23391.09,1884.34
F100073,2025-03,37493.81,29562.22,1507.0
F100073,2025-04,30954.25,24028.13,1315.96
F100073,2025-05,34296.99,27843.17,1226.23
F100073,2025-06,37191.78,25796.06,2165.19
F100073,2025-07,36481.39,27862.12,1637.66
F100073,2025-08,39483.3,27250.45,2324.24
F100074,2024-03,27294.37,18889.85,1596.86
F100074,2024-04,29451.09,20382.63,1723.01
F100074,2024-05,27913.07,17839.88,1913.91
F100074,2024-06,25817.04,15421.18,1975.21
F100074,2024-07,28918.69,17263.13,2214.56
F100074,2024-08,26487.94,18277.56,1559.97
F100074,2024-09,27186.73,15957.12,2133.63
F100074,2024-10,26404.57,17107.93,1766.36
F100074,2024-11,27192.28,18170.93,1714.06
F100074,2024-12,29421.95,18427.82,2088.89
F100074,2025-01,26666.93,18055.76,1636.12
F100074,2025-02,24470.74,14557.13,1883.58
F100074,2025-03,24223.71,14531.96,1841.43
F100074,2025-04,20421.79,12444.31,1515.72
F100074,2025-05,24073.96,16040.42,1526.37
F100074,2025-06,22781.76,13366.7,1788.86
F100074,2025-07,18377.25,11196.92,1364.26
F100074,2025-08,21132.78,12278.7,1682.27
F100075,2024-03,43333.58,29096.22,2705.1
F100075,2024-04,39553.75,24806.16,2802.04
F100075,2024-05,36868.96,24766.83,2299.4
F100075,2024-06,46092.29,30929.52,2880.93
F100075,2024-07,48286.7,32658.39,2969.38
F100075,2024-08,39837.44,24997.56,2819.58
F100075,2024-09,41287.79,28147.81,2496.6
F100075,2024-10,35039.88,22167.87,2445.68
F100075,2024-11,33522.73,20829.63,2411.69
F100075,2024-12,40643.83,28491.56,2308.93
F100075,2025-01,41544.22,27840.72,2603.67
F100075,2025-02,36609.09,25584.84,2094.61
F100075,2025-03,29121.88,18047.13,2104.2
F100075,2025-04,37745.98,23013.41,2799.19
F100075,2025-05,32446.1,19634.05,2434.29
F100075,2025-06,37975.07,26881.48,2107.78
F100075,2025-07,28879.17,17518.97,2158.44
F100075,2025-08,32737.19,19547.76,2505.99
F100076,2024-03,20539.74,12664.44,1496.31
F100076,2024-04,24421.17,16200.1,1562.0
F100076,2024-05,27048.74,15910.04,2116.35
F100076,2024-06,30890.46,21469.33,1790.01
F100076,2024-07,27253.92,18795.63,1607.08
F100076,2024-08,30502.54,17848.24,2404.32
F100076,2024-09,27109.73,17218.61,1879.31
F100076,2024-10,28929.53,20417.3,1617.32
F100076,2024-11,23872.44,16354.19,1428.47
F100076,2024-12,25357.87,17589.18,1476.05
F100076,2025-01,21913.05,13565.34,1586.06
F100076,2025-02,24960.56,16802.07,1550.11
F100076,2025-03,21937.06,13378.57,1626.11
F100076,2025-04,21158.42,13568.49,1442.09
F100076,2025-05,22191.44,13297.52,1689.85
F100076,2025-06,20639.38,12752.82,1498.45
F100076,2025-07,24976.83,14675.85,1957.19
F100076,2025-08,23703.42,15713.15,1518.15
F100077,2024-03,62637.33,38052.39,4671.14
F100077,2024-04,48051.89,29844.22,3459.46
F100077,2024-05,51544.73,30485.32,4001.29
F100077,2024-06,56008.76,33422.12,4291.46
F100077,2024-07,55398.1,35914.12,3701.96
F100077,2024-08,56243.07,35703.52,3902.51
F100077,2024-09,63740.01,40417.22,4431.33
F100077,2024-10,77438.0,46094.77,5955.21
F100077,2024-11,58235.97,35555.54,4309.28
F100077,2024-12,42885.0,26841.71,3048.22
F100077,2025-01,44002.91,26067.8,3407.67
F100077,2025-02,39041.71,23599.66,2933.99
F100077,2025-03,44051.05,28015.09,3046.83
F100077,2025-04,63537.21,37450.99,4956.38
F100077,2025-05,50955.75,30062.45,3969.73
F100077,2025-06,59292.95,36029.24,4420.1
F100077,2025-07,42423.7,28402.38,2664.05
F100077,2025-08,46778.84,27634.39,3637.44
F100078,2024-03,10792.51,6131.12,885.66
F100078,2024-04,12968.16,7190.8,1097.7
F100078,2024-05,10924.42,6062.02,923.86
F100078,2024-06,12933.33,7186.36,1091.93
F100078,2024-07,12808.17,7301.43,1046.28
F100078,2024-08,15496.64,8887.59,1255.72
F100078,2024-09,14821.43,8413.15,1217.57
F100078,2024-10,14801.56,7799.57,1330.38
F100078,2024-11,11859.72,5810.0,1149.45
F100078,2024-12,12085.76,6937.53,978.16
F100078,2025-01,10900.53,5438.79,1037.73
F100078,2025-02,10216.48,5408.79,913.46
F100078,2025-03,11042.65,6120.78,935.16
F100078,2025-04,8699.52,4889.43,723.92
F100078,2025-05,10721.45,5784.59,938.0
F100078,2025-06,11906.23,6806.38,968.97
F100078,2025-07,10487.48,5866.85,877.92
F100078,2025-08,11448.04,5523.77,1125.61
F100079,2024-03,22811.83,15165.38,1452.83
F100079,2024-04,25217.96,17520.76,1462.47
F100079,2024-05,23325.04,16497.88,1297.16
F100079,2024-06,32614.65,20826.94,2239.66
F100079,2024-07,22295.65,13714.78,1630.37
F100079,2024-08,26839.26,16887.97,1890.74
F100079,2024-09,34744.04,22493.33,2327.64
F100079,2024-10,20592.19,12782.15,1483.91
F100079,2024-11,22973.54,14443.63,1620.68
F100079,2024-12,26474.22,18972.05,1425.41
F100079,2025-01,24338.22,17008.84,1392.58
F100079,2025-02,24269.99,15894.37,1591.37
F100079,2025-03,18963.09,12285.96,1268.65
F100079,2025-04,21226.75,14457.49,1286.16
F100079,2025-05,19588.62,13351.92,1184.97
F100079,2025-06,27274.69,17136.75,1926.21
F100079,2025-07,17067.34,11843.1,992.61
F100079,2025-08,26812.97,17515.79,1766.47
F100080,2024-03,17414.93,12883.43,860.98
F100080,2024-04,17632.2,11566.9,1152.41
F100080,2024-05,21070.88,15735.73,1013.68
F100080,2024-06,19648.43,14104.07,1053.43
F100080,2024-07,22419.81,16018.42,1216.26
F100080,2024-08,24438.55,15867.29,1628.54
F100080,2024-09,19620.1,12307.27,1389.44
F100080,2024-10,18809.58,12195.55,1256.67
F100080,2024-11,20434.59,14973.01,1037.7
F100080,2024-12,16606.46,12646.72,752.35
F100080,2025-01,16751.43,12144.91,875.24
F100080,2025-02,17688.19,13062.67,878.85
F100080,2025-03,13344.64,9125.35,801.66
F100080,2025-04,17071.86,11091.18,1136.33
F100080,2025-05,17309.26,13050.23,809.22
F100080,2025-06,13766.24,10175.41,682.26
F100080,2025-07,18418.75,13556.6,923.81
F100080,2025-08,18136.19,12806.85,1012.58
F100081,2024-03,28645.61,16203.05,2364.09
F100081,2024-04,28289.43,15261.85,2475.24
F100081,2024-05,29468.55,19191.66,1952.61
F100081,2024-06,34261.89,22196.49,2292.43
F100081,2024-07,32422.99,19631.97,2430.29
F100081,2024-08,28390.04,16528.67,2253.66
F100081,2024-09,27224.94,14821.85,2356.59
F100081,2024-10,38485.34,25011.13,2560.1
F100081,2024-11,27246.81,16707.16,2002.53
F100081,2024-12,30532.43,19126.8,2167.07
F100081,2025-01,24209.04,13199.8,2091.76
F100081,2025-02,21008.25,13198.15,1483.92
F100081,2025-03,31533.46,20300.02,2134.35
F100081,2025-04,24151.54,14244.45,1882.35
F100081,2025-05,25975.43,14764.29,2130.12
F100081,2025-06,32073.35,18681.31,2544.49
F100081,2025-07,32488.77,18445.8,2668.17
F100081,2025-08,22424.02,13231.01,1746.67
F100082,2024-03,51701.81,24755.4,5119.82
F100082,2024-04,58715.37,28870.23,5670.58
F100082,2024-05,49395.89,24605.5,4710.17
F100082,2024-06,59041.5,33525.58,4848.03
F100082,2024-07,69484.2,33674.68,6803.81
F100082,2024-08,37106.57,17614.28,3703.54
F100082,2024-09,69085.27,37420.68,6016.27
F100082,2024-10,57984.3,32938.45,4758.71
F100082,2024-11,54750.61,28612.58,4966.23
F100082,2024-12,47038.9,22895.99,4587.15
F100082,2025-01,34327.44,16978.93,3296.22
F100082,2025-02,46928.89,22557.8,4630.51
F100082,2025-03,55488.85,29763.61,4887.8
F100082,2025-04,38108.21,21629.79,3130.9
F100082,2025-05,61936.62,31443.52,5793.69
F100082,2025-06,55757.72,31708.9,4569.28
F100082,2025-07,58880.94,28880.65,5700.06
F100082,2025-08,56309.24,27115.06,5546.89
F100083,2024-03,38052.28,26036.6,2282.98
F100083,2024-04,39167.47,27128.44,2287.42
F100083,2024-05,39325.97,26583.99,2420.98
F100083,2024-06,46695.98,34156.96,2382.41
F100083,2024-07,38456.32,29334.44,1733.16
F100083,2024-08,49680.7,37717.52,2273.01
F100083,2024-09,38769.5,25643.2,2494.0
F100083,2024-10,46258.48,33548.06,2414.98
F100083,2024-11,52594.09,38183.8,2737.96
F100083,2024-12,46478.51,32810.86,2596.85
F100083,2025-01,48773.3,36422.2,2346.71
F100083,2025-02,51340.57,35853.31,2942.58
F100083,2025-03,31951.79,24752.86,1367.8
F100083,2025-04,49561.68,38775.49,2049.38
F100083,2025-05,52237.46,39673.3,2387.19
F100083,2025-06,41150.5,27297.61,2632.05
F100083,2025-07,35497.91,26626.26,1685.61
F100083,2025-08,39375.42,27705.38,2217.31
F100084,2024-03,35259.34,27725.93,1431.35
F100084,2024-04,33648.01,23316.76,1962.94
F100084,2024-05,37763.86,28027.94,1849.82
F100084,2024-06,35990.36,28479.75,1427.02
F100084,2024-07,36156.93,26291.26,1874.48
F100084,2024-08,41273.28,27036.54,2704.98
F100084,2024-09,42961.28,28405.33,2765.63
F100084,2024-10,38711.36,29524.93,1745.42
F100084,2024-11,36589.39,26433.06,1929.7
F100084,2024-12,37633.27,26337.39,2146.22
F100084,2025-01,32529.92,24232.61,1576.49
F100084,2025-02,24994.82,16988.13,1521.27
F100084,2025-03,32209.18,21701.23,1996.51
F100084,2025-04,37182.34,28928.68,1568.2
F100084,2025-05,34595.67,25974.41,1638.04
F100084,2025-06,27748.45,18162.65,1821.3
F100084,2025-07,34003.36,23147.42,2062.63
F100084,2025-08,33794.98,26147.44,1453.03
F100085,2024-03,30661.48,24081.75,1250.15
F100085,2024-04,37893.45,29324.62,1628.08
F100085,2024-05,36974.94,28056.59,1694.49
F100085,2024-06,32061.69,23944.05,1542.35
F100085,2024-07,32147.72,23457.53,1651.13
F100085,2024-08,36332.21,27354.25,1705.81
F100085,2024-09,32080.08,21876.79,1938.62
F100085,2024-10,40817.46,30775.24,1908.02
F100085,2024-11,31678.39,23779.67,1500.76
F100085,2024-12,29533.77,20734.7,1671.82
F100085,2025-01,29429.35,20937.43,1613.46
F100085,2025-02,27592.46,18422.88,1742.22
F100085,2025-03,26660.75,20293.57,1209.77
F100085,2025-04,18545.34,12322.09,1182.42
F100085,2025-05,31520.29,24174.4,1395.72
F100085,2025-06,27037.17,20294.12,1281.18
F100085,2025-07,35105.99,24328.22,2047.78
F100085,2025-08,35682.64,24466.4,2131.09
F100086,2024-03,51495.41,26170.0,4811.83
F100086,2024-04,56502.05,27291.67,5549.97
F100086,2024-05,77739.74,38821.79,7394.41
F100086,2024-06,67233.85,35029.2,6118.88
F100086,2024-07,68165.22,33123.75,6657.88
F100086,2024-08,86331.47,45223.39,7810.54
F100086,2024-09,74405.79,39904.57,6555.23
F100086,2024-10,65230.15,36251.56,5505.93
F100086,2024-11,66587.69,37812.98,5467.2
F100086,2024-12,59654.74,28568.43,5906.4
F100086,2025-01,49587.66,24615.99,4744.62
F100086,2025-02,56121.17,30937.54,4784.89
F100086,2025-03,51772.42,29460.04,4239.35
F100086,2025-04,44885.11,25398.85,3702.39
F100086,2025-05,46513.56,24271.25,4226.04
F100086,2025-06,84061.16,44690.83,7480.36
F100086,2025-07,64133.88,31972.38,6110.68
F100086,2025-08,48476.28,25348.58,4394.26
F100087,2024-03,36449.12,20173.88,3092.3
F100087,2024-04,36142.46,20454.05,2980.8
F100087,2024-05,40435.4,24432.85,3040.48
F100087,2024-06,38523.37,24767.96,2613.53
F100087,2024-07,41244.3,24754.1,3133.14
F100087,2024-08,40887.66,24234.18,3164.16
F100087,2024-09,35133.3,19312.69,3005.92
F100087,2024-10,31468.76,18260.48,2509.57
F100087,2024-11,31036.22,16988.72,2669.02
F100087,2024-12,34870.91,19186.52,2980.03
F100087,2025-01,28559.91,16858.07,2223.35
F100087,2025-02,37655.74,22415.7,2895.61
F100087,2025-03,32934.25,20613.65,2340.91
F100087,2025-04,31425.24,17097.32,2722.3
F100087,2025-05,30945.66,16667.74,2712.8
F100087,2025-06,36922.34,23250.07,2597.73
F100087,2025-07,30088.79,18619.3,2179.2
F100087,2025-08,32970.6,17666.96,2907.69
F100088,2024-03,21644.57,12174.87,1799.24
F100088,2024-04,38304.27,25348.46,2461.6
F100088,2024-05,43075.39,25293.05,3378.64
F100088,2024-06,38037.81,24788.55,2517.36
F100088,2024-07,48791.25,27404.95,4063.4
F100088,2024-08,56905.82,36960.8,3789.55
F100088,2024-09,53861.39,34328.44,3711.26
F100088,2024-10,35192.41,20420.34,2806.69
F100088,2024-11,39647.09,22699.21,3220.1
F100088,2024-12,25942.67,16007.88,1887.61
F100088,2025-01,31260.99,19594.49,2216.64
F100088,2025-02,35580.32,23378.64,2318.32
F100088,2025-03,37844.67,21448.27,3115.32
F100088,2025-04,39843.87,23104.39,3180.5
F100088,2025-05,23140.63,12810.28,1962.77
F100088,2025-06,35465.06,22916.52,2384.22
F100088,2025-07,39937.74,25592.91,2725.52
F100088,2025-08,40767.62,26524.98,2706.1
F100089,2024-03,54372.07,36911.56,3317.5
F100089,2024-04,46090.98,31598.16,2753.63
F100089,2024-05,82390.99,55284.18,5150.29
F100089,2024-06,64133.34,39318.9,4714.74
F100089,2024-07,71323.17,47859.26,4458.14
F100089,2024-08,67471.62,47167.25,3857.83
F100089,2024-09,66794.59,44487.32,4238.38
F100089,2024-10,58947.97,41671.39,3282.55
F100089,2024-11,38205.56,23704.03,2755.29
F100089,2024-12,65426.84,42381.89,4378.54
F100089,2025-01,64021.14,38709.88,4809.14
F100089,2025-02,35243.24,21777.9,2558.41
F100089,2025-03,42969.02,25496.29,3319.82
F100089,2025-04,56241.37,39697.84,3143.27
F100089,2025-05,49226.21,30736.18,3513.11
F100089,2025-06,60674.4,42545.08,3444.57
F100089,2025-07,47104.47,32091.53,2852.46
F100089,2025-08,52964.37,34799.47,3451.33
F100090,2024-03,26781.39,18222.38,1626.21
F100090,2024-04,31020.62,22117.78,1691.54
F100090,2024-05,31687.33,19963.27,2227.57
F100090,2024-06,34950.36,25667.69,1763.71
F100090,2024-07,35179.04,24552.31,2019.08
F100090,2024-08,32470.69,22437.75,1906.26
F100090,2024-09,35724.03,21513.83,2699.94
F100090,2024-10,34163.06,22213.61,2270.39
F100090,2024-11,30325.41,21663.27,1645.81
F100090,2024-12,35900.79,24743.77,2119.83
F100090,2025-01,31740.04,20393.91,2155.76
F100090,2025-02,31903.12,22657.11,1756.74
F100090,2025-03,29471.76,18193.67,2142.84
F100090,2025-04,31148.21,21449.57,1842.74
F100090,2025-05,26203.26,18713.39,1423.08
F100090,2025-06,28205.54,20673.95,1431.0
F100090,2025-07,33156.58,20152.44,2470.79
F100090,2025-08,28882.52,18072.09,2053.98
F100091,2024-03,17466.84,11915.71,1054.71
F100091,2024-04,20003.92,13271.07,1279.24
F100091,2024-05,23472.2,15004.4,1608.88
F100091,2024-06,21108.81,15964.65,977.39
F100091,2024-07,21446.61,14777.07,1267.21
F100091,2024-08,21830.14,15393.31,1223.0
F100091,2024-09,20532.11,14241.01,1195.31
F100091,2024-10,20520.55,12796.71,1467.53
F100091,2024-11,20275.55,14128.35,1167.97
F100091,2024-12,18480.15,13137.89,1015.03
F100091,2025-01,19418.87,13788.12,1069.84
F100091,2025-02,18492.55,12781.78,1085.05
F100091,2025-03,16782.81,11414.01,1020.07
F100091,2025-04,15277.18,10816.29,847.57
F100091,2025-05,18218.33,12534.38,1079.95
F100091,2025-06,17336.1,12353.21,946.75
F100091,2025-07,18056.29,12069.33,1137.52
F100091,2025-08,17027.8,11723.69,1007.78
F100092,2024-03,35916.36,22527.07,2543.97
F100092,2024-04,42048.84,28117.5,2646.95
F100092,2024-05,51522.3,33884.82,3351.12
F100092,2024-06,42921.39,25454.39,3318.73
F100092,2024-07,49654.26,29271.12,3872.8
F100092,2024-08,48328.48,33148.52,2884.19
F100092,2024-09,46676.28,28263.98,3498.34
F100092,2024-10,37787.22,24095.68,2601.39
F100092,2024-11,41220.22,27228.57,2658.41
F100092,2024-12,38381.7,25538.99,2440.12
F100092,2025-01,38084.04,26037.71,2288.8
F100092,2025-02,42226.11,24525.35,3363.14
F100092,2025-03,37793.52,22433.88,2918.33
F100092,2025-04,41074.55,25413.42,2975.61
F100092,2025-05,30372.24,20140.32,1944.06
F100092,2025-06,41792.77,28272.6,2568.83
F100092,2025-07,38772.69,25007.86,2615.32
F100092,2025-08,35322.66,23067.05,2328.57
F100093,2024-03,34113.35,21047.82,2482.45
F100093,2024-04,37164.64,27176.12,1897.82
F100093,2024-05,37856.13,23860.08,2659.25
F100093,2024-06,39080.82,25627.27,2556.18
F100093,2024-07,44176.02,26920.94,3278.47
F100093,2024-08,40173.97,24724.39,2935.42
F100093,2024-09,40177.9,28069.14,2300.66
F100093,2024-10,37453.88,23885.34,2578.02
F100093,2024-11,40436.02,29255.23,2124.35
F100093,2024-12,34029.82,22484.09,2193.69
F100093,2025-01,32886.64,21652.39,2134.51
F100093,2025-02,29387.1,18322.04,2102.36
F100093,2025-03,31571.84,22490.14,1725.52
F100093,2025-04,30045.8,19596.54,1985.36
F100093,2025-05,28602.48,17400.82,2128.32
F100093,2025-06,26231.16,18863.36,1399.88
F100093,2025-07,31505.25,22596.28,1692.7
F100093,2025-08,39489.83,28431.8,2101.03
F100094,2024-03,61559.51,27965.34,6382.89
F100094,2024-04,61017.69,29352.1,6016.46
F100094,2024-05,62224.57,28579.76,6392.51
F100094,2024-06,73538.93,36401.05,7056.2
F100094,2024-07,52284.91,23301.84,5506.78
F100094,2024-08,63244.75,26494.39,6982.57
F100094,2024-09,53938.98,26629.7,5188.76
F100094,2024-10,75441.77,35810.52,7529.94
F100094,2024-11,64131.06,31988.16,6107.15
F100094,2024-12,53399.12,23714.61,5640.06
F100094,2025-01,63824.95,31984.06,6049.77
F100094,2025-02,54449.0,23973.45,5790.35
F100094,2025-03,53255.86,22616.79,5821.42
F100094,2025-04,76129.13,33304.85,8136.61
F100094,2025-05,51761.89,21808.25,5691.19
F100094,2025-06,48765.31,21885.49,5107.17
F100094,2025-07,43332.18,18207.7,4773.65
F100094,2025-08,61010.36,29149.73,6053.52
F100095,2024-03,38949.38,20006.44,3599.16
F100095,2024-04,39160.86,16923.69,4225.06
F100095,2024-05,42890.16,21437.46,4076.01
F100095,2024-06,41691.83,20938.55,3943.12
F100095,2024-07,39288.94,17233.23,4190.59
F100095,2024-08,41753.55,18492.5,4419.6
F100095,2024-09,42440.9,20107.06,4243.43
F100095,2024-10,43455.33,18930.45,4659.73
F100095,2024-11,39543.0,19460.65,3815.65
F100095,2024-12,40485.28,18234.22,4227.7
F100095,2025-01,36929.83,17602.43,3672.21
F100095,2025-02,36042.18,16423.35,3727.58
F100095,2025-03,37505.52,18146.15,3678.28
F100095,2025-04,36244.77,15883.19,3868.7
F100095,2025-05,32663.05,15037.83,3348.79
F100095,2025-06,35864.82,17033.6,3577.93
F100095,2025-07,36570.37,18647.25,3405.39
F100095,2025-08,41513.16,18913.23,4293.99
F100096,2024-03,24078.83,15829.86,1567.3
F100096,2024-04,36014.27,22541.43,2559.84
F100096,2024-05,30313.96,19530.27,2048.9
F100096,2024-06,33175.74,18188.49,2847.58
F100096,2024-07,33393.58,21890.42,2185.6
F100096,2024-08,31616.22,20167.6,2175.24
F100096,2024-09,27197.41,16389.54,2053.5
F100096,2024-10,30730.63,16664.04,2672.65
F100096,2024-11,29493.48,17008.97,2372.06
F100096,2024-12,20628.86,11624.99,1710.73
F100096,2025-01,25716.45,14012.44,2223.76
F100096,2025-02,25350.97,14091.48,2139.3
F100096,2025-03,24240.74,14616.94,1828.52
F100096,2025-04,19698.85,11275.62,1600.41
F100096,2025-05,26547.06,17307.07,1755.6
F100096,2025-06,31054.03,19088.68,2273.42
F100096,2025-07,21728.78,12096.25,1830.18
F100096,2025-08,22583.34,13988.58,1633.01
F100097,2024-03,41633.96,29351.91,2333.59
F100097,2024-04,31744.14,22820.13,1695.56
F100097,2024-05,50267.3,34080.54,3075.48
F100097,2024-06,41609.83,28743.46,2444.61
F100097,2024-07,51018.89,33941.82,3244.64
F100097,2024-08,28081.14,21883.39,1177.57
F100097,2024-09,47423.24,37243.67,1934.12
F100097,2024-10,41520.57,30789.96,2038.82
F100097,2024-11,62775.55,49298.54,2560.63
F100097,2024-12,51263.35,38031.17,2514.11
F100097,2025-01,55898.5,40827.03,2863.58
F100097,2025-02,39218.35,25632.53,2581.31
F100097,2025-03,29860.62,22837.57,1334.38
F100097,2025-04,43953.06,30706.08,2516.93
F100097,2025-05,35404.45,26927.95,1610.54
F100097,2025-06,41864.45,27618.7,2706.69
F100097,2025-07,57881.39,42691.89,2886.0
F100097,2025-08,46061.47,36261.76,1861.94
F100098,2024-03,41792.74,28086.95,2604.1
F100098,2024-04,46182.15,28304.05,3396.84
F100098,2024-05,46527.53,28865.14,3355.85
F100098,2024-06,36620.21,23739.42,2447.35
F100098,2024-07,41044.04,28038.93,2470.97
F100098,2024-08,47052.23,30288.15,3185.17
F100098,2024-09,37538.72,24491.55,2478.96
F100098,2024-10,52075.61,33765.16,3478.98
F100098,2024-11,38876.86,25607.34,2521.21
F100098,2024-12,38699.06,23487.11,2890.27
F100098,2025-01,35595.62,24914.65,2029.39
F100098,2025-02,47522.17,29340.21,3454.57
F100098,2025-03,36405.62,24307.58,2298.63
F100098,2025-04,40375.96,26302.02,2674.05
F100098,2025-05,42272.68,28155.88,2682.19
F100098,2025-06,38647.43,23873.31,2807.08
F100098,2025-07,28634.2,19292.87,1774.85
F100098,2025-08,36307.26,22440.26,2634.73
F100099,2024-03,39617.32,19052.18,3907.38
F100099,2024-04,40766.57,18949.96,4145.16
F100099,2024-05,40918.86,17856.22,4381.9
F100099,2024-06,41867.78,20070.92,4141.4
F100099,2024-07,45838.31,19835.36,4940.56
F100099,2024-08,42608.84,19013.86,4483.05
F100099,2024-09,42898.47,20557.44,4244.8
F100099,2024-10,45293.42,20726.7,4667.68
F100099,2024-11,49268.71,22359.15,5112.82
F100099,2024-12,40854.09,20610.61,3846.26
F100099,2025-01,43442.82,19172.91,4611.28
F100099,2025-02,43069.29,19385.14,4499.99
F100099,2025-03,42278.33,19474.39,4332.75
F100099,2025-04,43201.3,20474.97,4318.0
F100099,2025-05,36083.2,16637.74,3694.64
F100099,2025-06,37762.51,17999.09,3755.05
F100099,2025-07,38943.03,19046.71,3780.3
F100099,2025-08,45455.45,21647.97,4523.42
F100100,2024-03,32280.37,20388.85,2259.39
F100100,2024-04,32703.69,23483.77,1751.78
F100100,2024-05,41391.82,25890.18,2945.31
F100100,2024-06,40735.97,29994.48,2040.88
F100100,2024-07,42652.22,31152.61,2184.93
F100100,2024-08,38456.3,27040.73,2168.96
F100100,2024-09,33263.36,20532.85,2418.8
F100100,2024-10,36516.51,24464.96,2289.79
F100100,2024-11,38360.35,25316.89,2478.26
F100100,2024-12,37508.07,24814.03,2411.87
F100100,2025-01,36452.95,23335.68,2492.28
F100100,2025-02,27179.37,17231.38,1890.12
F100100,2025-03,28127.23,17747.42,1972.16
F100100,2025-04,34138.49,24714.03,1790.65
F100100,2025-05,27986.08,18066.22,1884.77
F100100,2025-06,38959.31,26536.17,2360.4
F100100,2025-07,30834.49,19124.63,2224.87
F100100,2025-08,31800.11,21950.0,1871.52
F100101,2024-03,48509.03,33838.36,2787.43
F100101,2024-04,43214.14,29201.09,2662.48
F100101,2024-05,59690.1,39274.39,3878.98
F100101,2024-06,52975.79,34113.21,3583.89
F100101,2024-07,55092.92,36089.46,3610.66
F100101,2024-08,58192.49,37021.08,4022.57
F100101,2024-09,48402.09,34494.7,2642.4
F100101,2024-10,42746.03,31242.5,2185.67
F100101,2024-11,41721.8,30115.39,2205.22
F100101,2024-12,42121.39,31154.32,2083.74
F100101,2025-01,39479.14,26446.24,2476.25
F100101,2025-02,41340.41,31061.73,1952.95
F100101,2025-03,41618.82,28257.2,2538.71
F100101,2025-04,38703.46,26558.77,2307.49
F100101,2025-05,40416.81,28250.65,2311.57
F100101,2025-06,44777.5,28213.1,3147.24
F100101,2025-07,42163.28,26845.8,2910.32
F100101,2025-08,57920.81,38768.16,3639.0
F100102,2024-03,45647.42,23164.03,4271.84
F100102,2024-04,42408.54,22781.27,3729.18
F100102,2024-05,43891.47,20466.93,4450.66
F100102,2024-06,42905.74,22134.3,3946.57
F100102,2024-07,46970.94,22623.72,4625.97
F100102,2024-08,42884.99,19898.56,4367.42
F100102,2024-09,45648.79,24098.07,4094.64
F100102,2024-10,43672.44,21047.54,4298.73
F100102,2024-11,44732.89,20469.68,4610.01
F100102,2024-12,29773.51,14917.08,2822.72
F100102,2025-01,39822.99,19828.89,3798.88
F100102,2025-02,48965.46,25230.04,4509.73
F100102,2025-03,41869.91,18951.75,4354.45
F100102,2025-04,40136.36,18817.01,4050.68
F100102,2025-05,40912.89,20961.97,3790.67
F100102,2025-06,35145.2,15723.73,3690.08
F100102,2025-07,42854.11,19831.98,4374.2
F100102,2025-08,46914.57,22354.66,4666.38
F100103,2024-03,39353.91,26993.76,2348.43
F100103,2024-04,49634.69,36233.39,2546.25
F100103,2024-05,39980.4,30340.42,1831.6
F100103,2024-06,56871.64,42473.25,2735.69
F100103,2024-07,48644.89,33451.4,2886.76
F100103,2024-08,54379.77,41677.0,2413.53
F100103,2024-09,59702.25,40107.83,3722.94
F100103,2024-10,53857.08,35262.99,3532.88
F100103,2024-11,56697.37,40485.18,3080.32
F100103,2024-12,45288.89,31359.65,2646.56
F100103,2025-01,44800.92,32853.3,2270.05
F100103,2025-02,42446.8,30566.94,2257.17
F100103,2025-03,43611.77,29678.15,2647.39
F100103,2025-04,41278.97,29077.95,2318.19
F100103,2025-05,56952.98,43269.6,2599.84
F100103,2025-06,64347.45,42089.9,4228.93
F100103,2025-07,38070.08,29210.02,1683.41
F100103,2025-08,41945.24,28402.72,2573.08
F100104,2024-03,45905.74,33037.1,2445.04
F100104,2024-04,32852.25,23193.13,1835.23
F100104,2024-05,35743.45,25265.83,1990.75
F100104,2024-06,38111.61,27997.38,1921.7
F100104,2024-07,42812.82,30680.26,2305.19
F100104,2024-08,58879.27,39841.56,3617.16
F100104,2024-09,56475.96,44051.54,2360.64
F100104,2024-10,46543.57,30756.82,2999.48
F100104,2024-11,43175.78,28149.68,2854.96
F100104,2024-12,36912.01,27751.45,1740.51
F100104,2025-01,23811.66,18864.15,940.03
F100104,2025-02,46240.89,35315.89,2075.75
F100104,2025-03,27213.42,18306.77,1692.26
F100104,2025-04,30514.32,20941.83,1818.77
F100104,2025-05,30678.21,21325.34,1777.05
F100104,2025-06,38350.07,24981.39,2540.05
F100104,2025-07,34308.82,25618.77,1651.11
F100104,2025-08,37508.33,29125.22,1592.79
F100105,2024-03,61382.48,37119.34,4610.0
F100105,2024-04,57854.75,32458.42,4825.3
F100105,2024-05,62698.58,36514.84,4974.91
F100105,2024-06,62731.12,32902.39,5667.46
F100105,2024-07,55506.44,33671.41,4148.66
F100105,2024-08,64091.64,36434.01,5254.95
F100105,2024-09,67909.51,41906.47,4940.58
F100105,2024-10,62259.91,33730.85,5420.52
F100105,2024-11,56828.3,30880.25,4930.13
F100105,2024-12,50032.03,29822.97,3839.72
F100105,2025-01,64519.51,40523.13,4559.31
F100105,2025-02,57297.55,34462.85,4338.59
F100105,2025-03,48902.19,25598.85,4427.64
F100105,2025-04,42339.9,25646.52,3171.74
F100105,2025-05,53074.92,32623.76,3885.72
F100105,2025-06,54835.64,28683.25,4968.95
F100105,2025-07,49941.84,29625.12,3860.18
F100105,2025-08,46880.73,29779.31,3249.27
F100106,2024-03,39921.27,23780.85,3066.68
F100106,2024-04,43477.17,24889.37,3531.68
F100106,2024-05,41361.44,23739.17,3348.23
F100106,2024-06,44587.54,28547.94,3047.52
F100106,2024-07,42256.78,25528.42,3178.39
F100106,2024-08,41895.12,27111.58,2808.87
F100106,2024-09,38562.62,23111.21,2935.77
F100106,2024-10,39925.11,24343.99,2960.41
F100106,2024-11,39289.47,24308.23,2846.44
F100106,2024-12,39079.73,23675.67,2926.77
F100106,2025-01,40411.3,25087.7,2911.48
F100106,2025-02,39791.75,24686.54,2869.99
F100106,2025-03,34635.24,22828.5,2243.28
F100106,2025-04,38206.7,21684.03,3139.31
F100106,2025-05,36152.02,21289.26,2823.93
F100106,2025-06,34090.56,21262.27,2437.37
F100106,2025-07,38557.23,21867.33,3171.08
F100106,2025-08,38134.13,22579.19,2955.44
F100107,2024-03,22667.78,12823.47,1870.42
F100107,2024-04,22464.86,12756.03,1844.68
F100107,2024-05,22511.14,12712.31,1861.78
F100107,2024-06,24762.12,13184.8,2199.69
F100107,2024-07,20670.02,10094.51,2009.35
F100107,2024-08,25487.97,14391.04,2108.42
F100107,2024-09,27245.51,13156.05,2677.0
F100107,2024-10,25730.47,11995.08,2609.72
F100107,2024-11,25421.43,12689.04,2419.15
F100107,2024-12,22060.59,12027.44,1906.3
F100107,2025-01,19236.68,9447.97,1859.86
F100107,2025-02,17198.47,8804.6,1594.84
F100107,2025-03,15517.25,7278.76,1565.31
F100107,2025-04,20834.89,10022.36,2054.38
F100107,2025-05,25166.34,13578.23,2201.74
F100107,2025-06,23856.89,13070.31,2049.45
F100107,2025-07,17301.7,8205.84,1728.21
F100107,2025-08,15766.31,7945.42,1485.97
F100108,2024-03,28668.66,14281.03,2733.65
F100108,2024-04,31915.92,15689.66,3082.99
F100108,2024-05,31462.04,14874.46,3151.64
F100108,2024-06,39761.25,20021.13,3750.62
F100108,2024-07,43663.95,18266.46,4825.52
F100108,2024-08,42113.87,18184.82,4546.52
F100108,2024-09,30479.96,12779.11,3363.16
F100108,2024-10,41982.97,18073.4,4542.82
F100108,2024-11,30990.6,13447.46,3333.2
F100108,2024-12,23309.09,10758.56,2384.6
F100108,2025-01,32536.66,14764.52,3376.71
F100108,2025-02,34897.49,17490.7,3307.29
F100108,2025-03,35154.38,17167.49,3417.51
F100108,2025-04,32385.29,13705.43,3549.17
F100108,2025-05,31255.21,13733.38,3329.15
F100108,2025-06,33445.75,15059.91,3493.31
F100108,2025-07,25119.02,11668.52,2555.59
F100108,2025-08,39328.87,16415.57,4353.53
F100109,2024-03,37275.04,19683.93,3342.31
F100109,2024-04,33387.54,17432.31,3031.49
F100109,2024-05,36139.56,17969.18,3452.37
F100109,2024-06,30805.14,16967.56,2629.14
F100109,2024-07,38379.02,18446.44,3787.19
F100109,2024-08,40360.61,20409.29,3790.75
F100109,2024-09,25435.83,13897.02,2192.37
F100109,2024-10,29926.57,15842.56,2675.96
F100109,2024-11,33867.93,16904.35,3223.08
F100109,2024-12,25350.59,13905.59,2174.55
F100109,2025-01,23388.22,12252.44,2115.8
F100109,2025-02,26940.64,12707.48,2704.3
F100109,2025-03,22933.06,12426.9,1996.17
F100109,2025-04,34742.86,17658.72,3245.99
F100109,2025-05,25432.34,12016.52,2549.01
F100109,2025-06,33607.3,18273.64,2913.4
F100109,2025-07,26610.2,12698.9,2643.15
F100109,2025-08,30854.45,14609.23,3086.59
F100110,2024-03,21902.83,10798.55,2109.81
F100110,2024-04,26784.96,12176.92,2775.53
F100110,2024-05,25320.82,12697.96,2398.34
F100110,2024-06,26195.86,12007.62,2695.77
F100110,2024-07,24680.5,12694.41,2277.36
F100110,2024-08,25421.79,10865.86,2765.63
F100110,2024-09,27740.94,13898.17,2630.13
F100110,2024-10,26358.44,12210.59,2688.09
F100110,2024-11,23649.77,12171.47,2180.88
F100110,2024-12,25154.21,12106.0,2479.16
F100110,2025-01,25060.29,12955.49,2299.91
F100110,2025-02,23932.2,11904.12,2285.33
F100110,2025-03,23202.98,10493.59,2414.79
F100110,2025-04,23176.41,11870.81,2148.06
F100110,2025-05,20985.52,9401.22,2201.02
F100110,2025-06,18305.17,8451.53,1872.19
F100110,2025-07,24345.29,12052.56,2335.62
F100110,2025-08,21670.93,9521.84,2308.33
F100111,2024-03,66605.14,45761.41,3960.31
F100111,2024-04,43480.59,29846.3,2590.52
F100111,2024-05,53761.96,32016.55,4131.63
F100111,2024-06,44158.83,26982.59,3263.49
F100111,2024-07,67712.61,38779.79,5497.24
F100111,2024-08,67572.4,41225.34,5005.94
F100111,2024-09,81295.96,47410.28,6438.28
F100111,2024-10,69722.09,42744.15,5125.81
F100111,2024-11,53383.95,31028.48,4247.54
F100111,2024-12,50409.96,31654.93,3563.46
F100111,2025-01,68048.14,47165.33,3967.73
F100111,2025-02,50815.8,30547.33,3851.01
F100111,2025-03,29531.11,19354.87,1933.48
F100111,2025-04,32831.57,21471.86,2158.34
F100111,2025-05,44723.39,27912.52,3194.07
F100111,2025-06,50337.47,31014.17,3671.43
F100111,2025-07,42187.12,27373.07,2814.67
F100111,2025-08,41074.12,25676.23,2925.6
F100112,2024-03,36544.93,17206.3,3674.34
F100112,2024-04,37489.74,17108.01,3872.53
F100112,2024-05,39455.81,18393.39,4001.86
F100112,2024-06,39755.1,19402.49,3867.0
F100112,2024-07,36806.98,18796.25,3422.04
F100112,2024-08,37551.04,18740.46,3574.01
F100112,2024-09,43006.56,19468.42,4472.25
F100112,2024-10,35809.15,16300.09,3706.72
F100112,2024-11,34878.8,16307.77,3528.5
F100112,2024-12,33633.9,14834.85,3571.82
F100112,2025-01,35398.03,16268.13,3634.68
F100112,2025-02,28495.51,14143.07,2726.96
F100112,2025-03,30652.43,15640.12,2852.34
F100112,2025-04,32120.69,14749.15,3300.59
F100112,2025-05,33944.48,16737.07,3269.41
F100112,2025-06,28123.53,13244.9,2826.94
F100112,2025-07,30081.46,14007.91,3053.97
F100112,2025-08,24991.33,12469.45,2379.16
F100113,2024-03,21627.39,14708.44,1314.6
F100113,2024-04,41600.71,28575.3,2474.83
F100113,2024-05,47407.25,33441.21,2653.55
F100113,2024-06,42300.57,32636.22,1836.23
F100113,2024-07,41301.23,29596.18,2223.96
F100113,2024-08,38524.94,26506.43,2283.52
F100113,2024-09,38294.25,27325.37,2084.09
F100113,2024-10,36477.79,24209.16,2331.04
F100113,2024-11,46706.93,31110.91,2963.24
F100113,2024-12,39226.92,28301.12,2075.9
F100113,2025-01,35987.39,23371.66,2396.99
F100113,2025-02,39853.48,27650.33,2318.6
F100113,2025-03,24535.41,19243.42,1005.48
F100113,2025-04,28913.34,22484.64,1221.45
F100113,2025-05,48089.83,35438.29,2403.79
F100113,2025-06,43327.45,31437.59,2259.07
F100113,2025-07,42363.43,31793.77,2008.24
F100113,2025-08,47598.3,36607.35,2088.28
F100114,2024-03,34174.77,23238.05,2077.98
F100114,2024-04,38039.02,28627.43,1788.2
F100114,2024-05,36407.23,23309.86,2488.5
F100114,2024-06,34686.21,25468.14,1751.43
F100114,2024-07,34618.51,25228.84,1784.04
F100114,2024-08,35926.02,23066.13,2443.38
F100114,2024-09,33282.67,24749.74,1621.26
F100114,2024-10,38643.33,29099.09,1813.41
F100114,2024-11,35539.84,25533.04,1901.29
F100114,2024-12,35490.48,23150.1,2344.67
F100114,2025-01,38490.18,26868.01,2208.21
F100114,2025-02,34822.37,25530.11,1765.53
F100114,2025-03,33909.07,25147.65,1664.67
F100114,2025-04,34538.95,23342.59,2127.31
F100114,2025-05,35768.37,25578.58,1936.06
F100114,2025-06,32609.52,21835.09,2047.14
F100114,2025-07,34026.49,22880.57,2117.72
F100114,2025-08,31373.28,22370.8,1710.47
F100115,2024-03,28153.43,18783.65,1780.26
F100115,2024-04,34428.14,23100.63,2152.23
F100115,2024-05,34838.21,22173.97,2406.2
F100115,2024-06,42798.63,27817.57,2846.4
F100115,2024-07,28990.78,20646.44,1585.43
F100115,2024-08,30059.94,21915.56,1547.43
F100115,2024-09,37727.44,25796.41,2266.9
F100115,2024-10,39200.76,27378.3,2246.27
F100115,2024-11,38481.04,25978.06,2375.57
F100115,2024-12,36303.61,25328.26,2085.32
F100115,2025-01,30637.74,20887.88,1852.47
F100115,2025-02,27316.42,17523.5,1860.65
F100115,2025-03,32432.31,21839.3,2012.67
F100115,2025-04,35159.9,26859.66,1577.04
F100115,2025-05,29714.98,18940.02,2047.24
F100115,2025-06,26373.76,18332.21,1527.89
F100115,2025-07,29605.86,22498.44,1350.41
F100115,2025-08,31998.59,23980.46,1523.45
F100116,2024-03,81939.19,51618.5,5760.93
F100116,2024-04,63480.51,42635.9,3960.47
F100116,2024-05,86703.04,52074.73,6579.38
F100116,2024-06,82761.02,54990.62,5276.38
F100116,2024-07,65316.23,41081.15,4604.67
F100116,2024-08,60856.39,37270.9,4481.24
F100116,2024-09,72702.82,48831.57,4535.54
F100116,2024-10,104579.5,65665.78,7393.61
F100116,2024-11,77605.17,48703.31,5491.35
F100116,2024-12,87773.71,51421.83,6906.86
F100116,2025-01,79182.21,52016.93,5161.4
F100116,2025-02,78323.16,47444.66,5866.92
F100116,2025-03,79126.7,53510.55,4867.07
F100116,2025-04,68086.03,46827.58,4039.11
F100116,2025-05,59367.08,34264.23,4769.54
F100116,2025-06,68565.9,44538.12,4565.28
F100116,2025-07,96153.48,64755.66,5965.59
F100116,2025-08,74313.66,45126.68,5545.53
F100117,2024-03,58044.79,30138.93,5302.11
F100117,2024-04,54474.33,29587.56,4728.49
F100117,2024-05,47073.18,23601.34,4459.65
F100117,2024-06,55941.48,30889.16,4759.94
F100117,2024-07,50865.29,27742.83,4393.27
F100117,2024-08,53005.43,28100.73,4731.89
F100117,2024-09,55044.8,28316.55,5078.37
F100117,2024-10,47892.29,23977.68,4543.78
F100117,2024-11,52140.91,26235.66,4922.0
F100117,2024-12,50499.58,24010.58,5032.91
F100117,2025-01,42504.47,23362.97,3636.88
F100117,2025-02,47550.32,23618.76,4547.0
F100117,2025-03,50479.51,26420.13,4571.28
F100117,2025-04,45451.05,25466.49,3797.07
F100117,2025-05,48703.15,26400.99,4237.41
F100117,2025-06,33153.83,17670.05,2941.92
F100117,2025-07,50219.14,27500.04,4316.63
F100117,2025-08,39951.35,19085.31,3964.55
F100118,2024-03,66561.26,32649.66,6443.21
F100118,2024-04,71828.55,32610.51,7451.43
F100118,2024-05,71553.95,35474.07,6855.18
F100118,2024-06,72077.25,33655.94,7300.05
F100118,2024-07,70889.97,35652.41,6695.14
F100118,2024-08,73580.43,37031.01,6944.39
F100118,2024-09,72111.28,35958.42,6869.04
F100118,2024-10,75231.46,37569.44,7155.78
F100118,2024-11,70627.86,33256.31,7100.6
F100118,2024-12,70629.9,33854.29,6987.37
F100118,2025-01,64105.97,28955.85,6678.52
F100118,2025-02,63478.41,28893.89,6571.06
F100118,2025-03,66222.53,28235.04,7217.62
F100118,2025-04,66178.66,32881.06,6326.54
F100118,2025-05,67233.66,31761.09,6739.79
F100118,2025-06,64814.34,27406.04,7107.58
F100118,2025-07,56380.12,27198.11,5544.58
F100118,2025-08,63075.17,28479.0,6573.27
F100119,2024-03,20886.48,10473.22,1978.52
F100119,2024-04,28364.04,16297.83,2292.58
F100119,2024-05,24205.66,13659.19,2003.83
F100119,2024-06,17946.1,10356.78,1441.97
F100119,2024-07,20059.76,11616.94,1604.14
F100119,2024-08,21669.87,11634.6,1906.7
F100119,2024-09,23360.74,13576.52,1859.0
F100119,2024-10,23980.36,14382.9,1823.52
F100119,2024-11,23340.36,12625.92,2035.74
F100119,2024-12,19042.31,10441.43,1634.17
F100119,2025-01,21012.46,11593.88,1789.53
F100119,2025-02,16782.78,8505.45,1572.69
F100119,2025-03,18915.73,9972.98,1699.12
F100119,2025-04,14716.9,8784.86,1127.09
F100119,2025-05,17296.81,9773.73,1429.39
F100119,2025-06,18548.86,11100.43,1415.2
F100119,2025-07,18592.15,10364.32,1563.29
F100119,2025-08,24232.85,13687.78,2003.56
F100120,2024-03,49961.68,29681.96,3853.15
F100120,2024-04,49695.0,34341.36,2917.19
F100120,2024-05,47252.53,31843.34,2927.75
F100120,2024-06,51777.22,30174.26,4104.56
F100120,2024-07,54824.01,31648.95,4403.26
F100120,2024-08,49498.71,32315.71,3264.77
F100120,2024-09,50647.42,31053.59,3722.83
F100120,2024-10,52336.82,34940.22,3305.36
F100120,2024-11,49324.65,34537.1,2809.63
F100120,2024-12,51813.18,32973.65,3579.51
F100120,2025-01,48363.6,29494.52,3585.12
F100120,2025-02,40272.71,27190.68,2485.58
F100120,2025-03,41020.29,25927.14,2867.7
F100120,2025-04,38351.7,22701.2,2973.6
F100120,2025-05,40871.15,27351.83,2568.67
F100120,2025-06,35986.95,24753.53,2134.35
F100120,2025-07,48645.45,34008.48,2781.02
F100120,2025-08,45039.25,30574.96,2748.21
F100121,2024-03,31667.72,22003.7,1836.16
F100121,2024-04,40054.91,25200.39,2822.36
F100121,2024-05,43482.63,25677.19,3383.03
F100121,2024-06,45280.3,30858.66,2740.11
F100121,2024-07,61739.01,36321.25,4829.37
F100121,2024-08,52987.96,34569.79,3499.45
F100121,2024-09,41348.93,23994.74,3297.3
F100121,2024-10,62060.23,37347.02,4695.51
F100121,2024-11,48104.82,27510.31,3912.96
F100121,2024-12,36651.31,21895.78,2803.55
F100121,2025-01,41377.69,28574.12,2432.68
F100121,2025-02,42819.57,27855.79,2843.12
F100121,2025-03,45548.95,28232.56,3290.11
F100121,2025-04,42017.99,28589.27,2551.46
F100121,2025-05,36959.62,24711.44,2327.15
F100121,2025-06,33743.64,21555.78,2315.69
F100121,2025-07,42028.45,25013.69,3232.8
F100121,2025-08,47221.4,31038.16,3074.82
F100122,2024-03,30033.81,13462.7,3148.51
F100122,2024-04,42068.11,18193.98,4536.08
F100122,2024-05,36579.62,16933.85,3732.7
F100122,2024-06,29617.99,14210.6,2927.4
F100122,2024-07,40261.23,19739.35,3899.16
F100122,2024-08,32482.22,16382.22,3059.0
F100122,2024-09,30538.27,15279.09,2899.24
F100122,2024-10,33542.76,16882.52,3165.44
F100122,2024-11,34762.5,15869.7,3589.63
F100122,2024-12,40522.91,17679.28,4340.29
F100122,2025-01,25491.74,11393.38,2678.69
F100122,2025-02,24499.14,12112.49,2353.46
F100122,2025-03,24905.89,11830.67,2484.29
F100122,2025-04,28774.45,14312.64,2747.74
F100122,2025-05,26877.66,13159.48,2606.45
F100122,2025-06,28540.73,13189.3,2916.77
F100122,2025-07,34807.54,16710.36,3438.46
F100122,2025-08,36282.14,16881.34,3686.15
F100123,2024-03,26844.92,20082.46,1284.87
F100123,2024-04,35125.33,25403.01,1847.24
F100123,2024-05,33774.35,25696.83,1534.73
F100123,2024-06,34845.28,25108.49,1849.99
F100123,2024-07,33201.16,24055.47,1737.68
F100123,2024-08,30436.44,21280.26,1739.67
F100123,2024-09,31541.83,21132.66,1977.74
F100123,2024-10,25447.21,18983.5,1228.11
F100123,2024-11,26744.93,19460.0,1384.14
F100123,2024-12,25837.78,19069.78,1285.92
F100123,2025-01,31329.2,22016.0,1769.51
F100123,2025-02,28422.9,21977.88,1224.55
F100123,2025-03,25832.27,19929.54,1121.52
F100123,2025-04,30365.29,22742.07,1448.41
F100123,2025-05,33173.52,23888.53,1764.15
F100123,2025-06,38885.9,26871.76,2282.69
F100123,2025-07,37810.94,24802.85,2471.54
F100123,2025-08,30464.75,19895.74,2008.11
F100124,2024-03,43595.71,25684.49,3403.13
F100124,2024-04,40162.84,21972.21,3456.22
F100124,2024-05,40623.17,22854.89,3375.97
F100124,2024-06,36594.67,22384.96,2699.85
F100124,2024-07,33652.66,20666.87,2467.3
F100124,2024-08,43504.78,22847.31,3924.92
F100124,2024-09,53544.84,31765.44,4138.09
F100124,2024-10,42200.52,24245.39,3411.47
F100124,2024-11,30746.14,17558.78,2505.6
F100124,2024-12,45261.51,25138.9,3823.3
F100124,2025-01,40198.49,21096.36,3629.4
F100124,2025-02,42753.25,23900.71,3581.98
F100124,2025-03,30640.48,17411.32,2513.54
F100124,2025-04,28876.05,17941.46,2077.57
F100124,2025-05,45082.27,26707.38,3491.23
F100124,2025-06,22060.32,12642.25,1789.43
F100124,2025-07,43639.34,24368.48,3661.46
F100124,2025-08,32110.8,17771.49,2724.47
F100125,2024-03,43276.3,25528.92,3372.0
F100125,2024-04,42997.3,27186.15,3004.12
F100125,2024-05,51214.81,27759.2,4456.57
F100125,2024-06,46708.04,28882.44,3386.86
F100125,2024-07,42817.81,26429.96,3113.69
F100125,2024-08,44822.88,25275.86,3713.93
F100125,2024-09,48091.37,28137.55,3791.23
F100125,2024-10,49180.22,29479.83,3743.08
F100125,2024-11,43929.89,27109.28,3195.92
F100125,2024-12,43406.47,26292.8,3251.6
F100125,2025-01,46167.65,29706.62,3127.6
F100125,2025-02,43146.02,24133.56,3612.37
F100125,2025-03,42707.31,23238.3,3699.11
F100125,2025-04,38947.08,23873.78,2863.93
F100125,2025-05,44070.83,27021.05,3239.46
F100125,2025-06,42370.24,26658.58,2985.22
F100125,2025-07,40986.52,22959.97,3425.04
F100125,2025-08,46708.56,29584.15,3253.64
F100126,2024-03,49531.5,23123.24,5017.57
F100126,2024-04,70809.84,36270.66,6562.44
F100126,2024-05,54725.98,30564.44,4590.69
F100126,2024-06,60285.59,30738.01,5614.04
F100126,2024-07,66868.66,36560.52,5758.55
F100126,2024-08,67103.78,32370.18,6599.38
F100126,2024-09,67174.18,34660.72,6177.56
F100126,2024-10,61640.62,32185.59,5596.46
F100126,2024-11,58965.96,28026.39,5878.52
F100126,2024-12,64964.62,30399.77,6567.32
F100126,2025-01,66132.15,36153.36,5695.97
F100126,2025-02,56030.76,26699.29,5572.98
F100126,2025-03,55851.92,27059.2,5470.62
F100126,2025-04,58831.03,29748.45,5525.69
F100126,2025-05,58557.09,32586.17,4934.47
F100126,2025-06,48040.05,24581.87,4457.05
F100126,2025-07,62883.48,32206.69,5828.59
F100126,2025-08,56779.73,26773.8,5701.13
F100127,2024-03,43575.91,29307.02,2711.09
F100127,2024-04,39954.98,30201.99,1853.07
F100127,2024-05,35022.27,26903.73,1542.52
F100127,2024-06,35776.34,25912.08,1874.21
F100127,2024-07,35713.95,24469.76,2136.4
F100127,2024-08,36701.3,25847.97,2062.13
F100127,2024-09,34877.97,26298.1,1630.18
F100127,2024-10,32780.29,25951.03,1297.56
F100127,2024-11,37043.61,27653.84,1784.06
F100127,2024-12,34953.51,27929.74,1334.52
F100127,2025-01,29124.73,22382.53,1281.02
F100127,2025-02,35506.59,23738.57,2235.92
F100127,2025-03,32674.63,22967.8,1844.3
F100127,2025-04,29619.08,19577.08,1907.98
F100127,2025-05,27253.34,19207.77,1528.66
F100127,2025-06,36197.3,28494.59,1463.51
F100127,2025-07,26638.42,20683.68,1131.4
F100127,2025-08,36746.19,25074.12,2217.69
F100128,2024-03,44297.79,19836.29,4647.69
F100128,2024-04,44137.44,19488.18,4683.36
F100128,2024-05,50274.27,24836.14,4833.25
F100128,2024-06,46662.69,22720.45,4549.03
F100128,2024-07,45196.71,21769.87,4451.1
F100128,2024-08,44744.12,22329.37,4258.8
F100128,2024-09,48926.89,22500.8,5020.96
F100128,2024-10,45858.11,23401.47,4266.76
F100128,2024-11,41883.14,18062.84,4525.86
F100128,2024-12,40167.15,18066.35,4199.15
F100128,2025-01,41353.89,21563.09,3760.25
F100128,2025-02,39712.83,17682.22,4185.82
F100128,2025-03,41811.1,19571.17,4225.59
F100128,2025-04,37559.78,19158.58,3496.23
F100128,2025-05,41676.96,21484.66,3836.54
F100128,2025-06,40649.47,20869.59,3758.18
F100128,2025-07,42891.07,19786.57,4389.86
F100128,2025-08,42600.72,21966.66,3920.47
F100129,2024-03,28068.15,19073.51,1708.98
F100129,2024-04,22042.04,13331.71,1654.96
F100129,2024-05,29062.17,17207.04,2252.47
F100129,2024-06,20593.99,12207.4,1593.45
F100129,2024-07,24614.9,16546.51,1532.99
F100129,2024-08,34404.03,23270.26,2115.42
F100129,2024-09,35215.29,22539.83,2408.34
F100129,2024-10,29029.72,19240.16,1860.02
F100129,2024-11,31757.81,21884.61,1875.91
F100129,2024-12,23289.09,14794.26,1614.02
F100129,2025-01,32256.15,21290.36,2083.5
F100129,2025-02,25138.58,15887.18,1757.77
F100129,2025-03,26493.82,18113.61,1592.24
F100129,2025-04,22209.29,13660.58,1624.26
F100129,2025-05,29346.78,19652.59,1841.9
F100129,2025-06,25760.27,14854.63,2072.07
F100129,2025-07,26906.68,17606.53,1767.03
F100129,2025-08,28142.44,18933.81,1749.64
F100130,2024-03,31754.34,15824.13,3026.74
F100130,2024-04,32487.51,17100.42,2923.55
F100130,2024-05,30830.69,14447.07,3112.89
F100130,2024-06,32025.21,15361.03,3166.19
F100130,2024-07,33540.19,16975.84,3147.23
F100130,2024-08,35922.04,19268.09,3164.25
F100130,2024-09,32662.81,16152.28,3137.0
F100130,2024-10,34450.19,16554.68,3400.15
F100130,2024-11,32503.42,16799.71,2983.71
F100130,2024-12,30965.24,13882.89,3245.65
F100130,2025-01,29113.34,12880.3,3084.28
F100130,2025-02,27635.06,12745.55,2829.01
F100130,2025-03,27593.83,13068.65,2759.79
F100130,2025-04,26176.98,13022.35,2499.38
F100130,2025-05,23134.29,10717.69,2359.15
F100130,2025-06,27285.81,13608.59,2598.67
F100130,2025-07,29379.42,14402.91,2845.54
F100130,2025-08,30847.1,14371.13,3130.43
F100131,2024-03,54149.38,35136.93,3612.37
F100131,2024-04,43123.14,25787.25,3293.82
F100131,2024-05,49138.06,30956.13,3454.57
F100131,2024-06,47696.38,28894.73,3572.31
F100131,2024-07,44451.06,28782.06,2977.11
F100131,2024-08,57217.41,35884.41,4053.27
F100131,2024-09,48463.37,30334.47,3444.49
F100131,2024-10,44612.35,26211.38,3496.19
F100131,2024-11,50975.26,30578.14,3875.45
F100131,2024-12,53353.0,34157.71,3647.11
F100131,2025-01,47583.79,27546.1,3807.16
F100131,2025-02,48755.77,28899.65,3772.66
F100131,2025-03,42854.1,25940.91,3213.51
F100131,2025-04,44783.13,29565.21,2891.4
F100131,2025-05,44453.16,29736.59,2796.15
F100131,2025-06,35565.51,23463.06,2299.47
F100131,2025-07,43364.46,29276.73,2676.67
F100131,2025-08,51402.46,35176.23,3082.98
F100132,2024-03,31441.86,17339.08,2679.53
F100132,2024-04,38860.62,21491.37,3300.16
F100132,2024-05,32956.77,19327.31,2589.6
F100132,2024-06,38897.1,23459.22,2933.2
F100132,2024-07,38757.31,21379.93,3301.7
F100132,2024-08,39927.39,23420.89,3136.24
F100132,2024-09,42044.74,28118.81,2645.93
F100132,2024-10,37955.78,22857.26,2868.72
F100132,2024-11,28063.2,18258.57,1862.88
F100132,2024-12,33801.18,22124.02,2218.66
F100132,2025-01,30932.57,19498.78,2172.42
F100132,2025-02,33240.63,18960.71,2713.18
F100132,2025-03,40106.57,26759.93,2535.86
F100132,2025-04,32003.82,20550.89,2176.06
F100132,2025-05,30319.85,19235.0,2106.12
F100132,2025-06,36628.93,22354.64,2712.11
F100132,2025-07,31919.11,17789.6,2684.61
F100132,2025-08,38690.42,23086.47,2964.75
F100133,2024-03,39379.12,24126.36,2898.02
F100133,2024-04,45693.45,29696.68,3039.39
F100133,2024-05,40433.53,23910.01,3139.47
F100133,2024-06,34347.72,20251.57,2678.27
F100133,2024-07,40069.76,22244.65,3386.77
F100133,2024-08,38039.42,20287.55,3372.86
F100133,2024-09,42064.1,27330.01,2799.48
F100133,2024-10,45670.32,24626.6,3998.31
F100133,2024-11,32127.88,20817.07,2149.05
F100133,2024-12,41593.79,22285.04,3668.66
F100133,2025-01,35927.36,21719.8,2699.44
F100133,2025-02,35238.64,21770.98,2558.85
F100133,2025-03,27427.73,16571.4,2062.7
F100133,2025-04,33400.81,21544.31,2252.74
F100133,2025-05,36858.68,20001.24,3202.91
F100133,2025-06,37410.81,24326.08,2486.1
F100133,2025-07,26892.53,15672.54,2131.8
F100133,2025-08,30245.25,18627.32,2207.41
F100134,2024-03,47138.19,29815.83,3291.25
F100134,2024-04,50970.37,34016.28,3221.28
F100134,2024-05,43762.23,29075.88,2790.41
F100134,2024-06,47324.17,32557.48,2805.67
F100134,2024-07,51992.67,36640.31,2916.95
F100134,2024-08,45911.7,30745.41,2881.6
F100134,2024-09,52306.22,30768.06,4092.25
F100134,2024-10,43279.26,30470.81,2433.61
F100134,2024-11,44328.7,27928.06,3116.12
F100134,2024-12,45347.76,30134.89,2890.45
F100134,2025-01,36906.69,22190.28,2796.12
F100134,2025-02,37529.74,24819.33,2414.98
F100134,2025-03,42332.75,26696.82,2970.83
F100134,2025-04,34999.89,24672.93,1962.12
F100134,2025-05,42418.08,28682.78,2609.71
F100134,2025-06,40855.77,27459.75,2545.25
F100134,2025-07,42562.72,26105.92,3126.79
F100134,2025-08,41058.07,25070.07,3037.72
F100135,2024-03,29019.92,15487.53,2571.15
F100135,2024-04,40918.92,18159.5,4324.29
F100135,2024-05,33758.43,16306.44,3315.88
F100135,2024-06,37992.55,16946.15,3998.82
F100135,2024-07,39860.34,17814.32,4188.74
F100135,2024-08,36361.74,16178.14,3834.88
F100135,2024-09,35982.8,17881.02,3439.34
F100135,2024-10,41678.18,21323.51,3867.39
F100135,2024-11,33567.77,14997.66,3528.32
F100135,2024-12,39343.05,19286.58,3810.73
F100135,2025-01,30024.93,13835.73,3075.95
F100135,2025-02,34799.12,17663.25,3255.81
F100135,2025-03,38032.84,19072.23,3602.52
F100135,2025-04,38052.53,19012.54,3617.6
F100135,2025-05,26419.95,12368.37,2669.8
F100135,2025-06,34364.17,16811.16,3335.07
F100135,2025-07,35471.36,16495.43,3605.43
F100135,2025-08,29334.13,15442.4,2639.43
F100136,2024-03,65273.17,39679.79,4862.74
F100136,2024-04,38274.76,21513.23,3184.69
F100136,2024-05,60290.67,33272.32,5133.49
F100136,2024-06,41525.68,23102.45,3500.41
F100136,2024-07,65709.43,34901.37,5853.53
F100136,2024-08,47539.66,29417.45,3443.22
F100136,2024-09,53966.25,32059.71,4162.24
F100136,2024-10,48439.91,25339.99,4388.98
F100136,2024-11,47604.59,30066.58,3332.22
F100136,2024-12,64632.22,38128.17,5035.77
F100136,2025-01,57142.01,35624.16,4088.39
F100136,2025-02,34490.41,18006.59,3131.93
F100136,2025-03,37674.17,23055.27,2777.59
F100136,2025-04,38458.9,22712.93,2991.73
F100136,2025-05,39122.6,22373.19,3182.39
F100136,2025-06,47841.87,27107.55,3939.52
F100136,2025-07,48408.61,30415.51,3418.69
F100136,2025-08,31279.32,18842.2,2363.05
F100137,2024-03,75117.49,38629.54,6932.71
F100137,2024-04,52705.88,29863.83,4339.99
F100137,2024-05,53214.05,25324.12,5299.09
F100137,2024-06,55909.7,31526.76,4632.76
F100137,2024-07,68068.29,38253.28,5664.85
F100137,2024-08,53931.89,30411.53,4468.87
F100137,2024-09,51142.82,24034.26,5150.63
F100137,2024-10,47109.81,22857.91,4607.86
F100137,2024-11,57938.26,29947.94,5318.16
F100137,2024-12,36453.98,18147.73,3478.19
F100137,2025-01,69786.63,36704.01,6285.7
F100137,2025-02,51423.12,24015.17,5207.51
F100137,2025-03,49566.09,26784.12,4328.57
F100137,2025-04,49540.16,26072.91,4458.78
F100137,2025-05,36166.73,18517.11,3353.43
F100137,2025-06,63748.72,35793.33,5311.52
F100137,2025-07,57947.0,32978.58,4744.0
F100137,2025-08,24235.15,13713.57,1999.1
F100138,2024-03,38308.84,22439.57,3015.16
F100138,2024-04,45841.69,23632.23,4219.8
F100138,2024-05,46589.84,27249.23,3674.72
F100138,2024-06,38368.67,23048.43,2910.85
F100138,2024-07,44346.26,26109.33,3465.02
F100138,2024-08,44035.1,23165.22,3965.28
F100138,2024-09,36817.62,18465.15,3486.97
F100138,2024-10,35542.85,20474.41,2863.0
F100138,2024-11,35837.23,19751.56,3056.28
F100138,2024-12,38310.04,20813.06,3324.43
F100138,2025-01,45595.19,24654.61,3978.71
F100138,2025-02,40968.02,24270.18,3172.59
F100138,2025-03,40609.73,24422.1,3075.65
F100138,2025-04,29828.16,15064.32,2805.13
F100138,2025-05,32863.33,17517.6,2915.69
F100138,2025-06,49770.48,25458.97,4619.19
F100138,2025-07,36621.31,18548.89,3433.76
F100138,2025-08,40309.54,23305.27,3230.81
F100139,2024-03,39930.72,24970.22,2842.49
F100139,2024-04,41009.7,24386.62,3158.39
F100139,2024-05,42036.45,26748.42,2904.73
F100139,2024-06,42765.54,28315.57,2745.49
F100139,2024-07,43115.56,25362.95,3373.0
F100139,2024-08,43171.71,25182.87,3417.88
F100139,2024-09,42783.92,26882.71,3021.23
F100139,2024-10,42025.91,24884.87,3256.8
F100139,2024-11,40966.69,24808.26,3070.1
F100139,2024-12,39924.86,24326.5,2963.69
F100139,2025-01,38762.12,21638.38,3253.51
F100139,2025-02,37840.7,23415.46,2740.79
F100139,2025-03,37075.79,22591.37,2752.04
F100139,2025-04,36710.89,22307.36,2736.67
F100139,2025-05,36747.4,22565.92,2694.48
F100139,2025-06,37069.24,20991.33,3054.8
F100139,2025-07,37808.29,24057.63,2612.63
F100139,2025-08,38803.3,24901.42,2641.36
F100140,2024-03,52243.6,29461.67,4328.57
F100140,2024-04,51795.81,31334.28,3887.69
F100140,2024-05,55062.92,34108.99,3981.25
F100140,2024-06,55208.2,33869.73,4054.31
F100140,2024-07,55859.91,31238.0,4678.16
F100140,2024-08,55642.2,34426.26,4031.03
F100140,2024-09,57338.02,32898.64,4643.48
F100140,2024-10,55221.73,34314.49,3972.37
F100140,2024-11,55777.93,34842.38,3977.75
F100140,2024-12,51221.75,32815.97,3497.1
F100140,2025-01,50504.61,29466.72,3997.2
F100140,2025-02,50486.64,28239.48,4226.96
F100140,2025-03,47936.54,30116.19,3385.87
F100140,2025-04,49677.44,30932.28,3561.58
F100140,2025-05,42549.1,23915.51,3540.38
F100140,2025-06,44497.61,26754.17,3371.25
F100140,2025-07,47735.48,30048.1,3360.6
F100140,2025-08,47618.78,28068.43,3714.57
F100141,2024-03,32358.48,14992.15,3299.6
F100141,2024-04,36912.98,20109.59,3192.64
F100141,2024-05,32337.78,16050.05,3094.67
F100141,2024-06,37283.2,17514.42,3756.07
F100141,2024-07,30806.13,14033.23,3186.85
F100141,2024-08,35127.44,18334.78,3190.61
F100141,2024-09,30753.59,15818.92,2837.59
F100141,2024-10,35467.25,18100.33,3299.72
F100141,2024-11,33162.66,15884.55,3282.84
F100141,2024-12,30003.02,15733.88,2711.14
F100141,2025-01,24108.72,10848.8,2519.39
F100141,2025-02,27798.9,14868.69,2456.74
F100141,2025-03,26885.44,13013.27,2635.71
F100141,2025-04,29445.87,14130.71,2909.88
F100141,2025-05,26158.43,11974.99,2694.86
F100141,2025-06,22720.91,10985.34,2229.76
F100141,2025-07,25089.81,13265.61,2246.6
F100141,2025-08,27638.18,14265.84,2540.74
F100142,2024-03,37421.45,17864.32,3715.86
F100142,2024-04,48826.13,25297.0,4470.53
F100142,2024-05,45333.07,23634.37,4122.75
F100142,2024-06,40222.13,20655.63,3717.63
F100142,2024-07,38832.94,19686.18,3637.88
F100142,2024-08,55106.49,30799.34,4618.36
F100142,2024-09,34416.53,16693.47,3367.38
F100142,2024-10,44434.87,21682.06,4323.03
F100142,2024-11,43982.83,25366.36,3537.13
F100142,2024-12,42171.09,24166.22,3420.93
F100142,2025-01,39756.53,20055.43,3743.21
F100142,2025-02,45890.33,23145.37,4321.54
F100142,2025-03,44382.07,23851.83,3900.75
F100142,2025-04,34579.45,17166.7,3308.42
F100142,2025-05,46053.86,22402.58,4493.74
F100142,2025-06,30488.5,16006.59,2751.56
F100142,2025-07,31247.42,16388.75,2823.15
F100142,2025-08,37023.68,18693.43,3482.75
F100143,2024-03,38560.25,17999.56,3906.53
F100143,2024-04,47305.72,24247.42,4381.08
F100143,2024-05,44183.01,24018.66,3831.23
F100143,2024-06,45131.79,24179.8,3980.88
F100143,2024-07,39574.16,21448.0,3443.97
F100143,2024-08,45614.68,21969.05,4492.67
F100143,2024-09,44614.37,22016.04,4293.68
F100143,2024-10,50363.15,22731.09,5250.09
F100143,2024-11,45770.41,22420.14,4436.55
F100143,2024-12,47350.91,21869.82,4841.41
F100143,2025-01,45699.64,22801.56,4350.63
F100143,2025-02,40136.17,18601.71,4091.55
F100143,2025-03,41669.3,21731.02,3788.27
F100143,2025-04,42300.44,21415.17,3968.2
F100143,2025-05,45062.45,22095.25,4363.77
F100143,2025-06,31523.41,16381.0,2877.06
F100143,2025-07,39240.29,18973.09,3850.77
F100143,2025-08,45833.59,24703.11,4014.79
F100144,2024-03,30974.55,17468.95,2566.06
F100144,2024-04,34894.72,19590.78,2907.75
F100144,2024-05,42851.58,23216.45,3730.68
F100144,2024-06,34964.15,18547.47,3119.17
F100144,2024-07,36241.46,18644.28,3343.46
F100144,2024-08,37275.53,20333.25,3219.03
F100144,2024-09,34810.11,17871.28,3218.38
F100144,2024-10,32992.06,19233.08,2614.21
F100144,2024-11,28751.87,15219.33,2571.18
F100144,2024-12,30377.9,17011.45,2539.62
F100144,2025-01,28380.49,15875.5,2375.95
F100144,2025-02,36673.29,18007.17,3546.56
F100144,2025-03,33082.77,18564.5,2758.47
F100144,2025-04,31826.12,16629.94,2887.27
F100144,2025-05,32774.73,18771.78,2660.56
F100144,2025-06,33055.5,16132.46,3215.38
F100144,2025-07,37893.79,20249.57,3352.4
F100144,2025-08,29848.29,15737.12,2681.12
F100145,2024-03,31390.31,16022.18,2919.94
F100145,2024-04,38806.51,20848.16,3412.09
F100145,2024-05,29817.42,13496.26,3101.02
F100145,2024-06,28515.45,14825.34,2601.12
F100145,2024-07,26623.21,13327.31,2526.22
F100145,2024-08,37136.15,19764.51,3300.61
F100145,2024-09,39510.69,20698.13,3574.39
F100145,2024-10,33132.54,15200.44,3407.1
F100145,2024-11,29253.11,14913.63,2724.5
F100145,2024-12,20201.0,9706.01,1994.05
F100145,2025-01,30053.85,16164.34,2639.01
F100145,2025-02,28106.83,12552.73,2955.28
F100145,2025-03,32480.95,15029.47,3315.78
F100145,2025-04,35303.08,16003.31,3666.96
F100145,2025-05,25715.52,12185.9,2570.63
F100145,2025-06,28990.5,15526.46,2558.17
F100145,2025-07,32466.73,14770.9,3362.21
F100145,2025-08,25868.72,13477.7,2354.29
F100146,2024-03,32725.23,25568.26,1359.83
F100146,2024-04,26456.51,17805.37,1643.72
F100146,2024-05,35855.91,25354.44,1995.28
F100146,2024-06,32574.48,24369.39,1558.97
F100146,2024-07,34595.38,23845.51,2042.48
F100146,2024-08,35538.49,23939.94,2203.72
F100146,2024-09,33394.68,24207.47,1745.57
F100146,2024-10,36604.9,26005.18,2013.95
F100146,2024-11,29760.09,21652.48,1540.45
F100146,2024-12,35191.97,26460.63,1658.95
F100146,2025-01,35635.21,23882.28,2233.06
F100146,2025-02,30628.51,21717.16,1693.16
F100146,2025-03,29258.44,23120.31,1166.25
F100146,2025-04,26256.11,21179.84,964.49
F100146,2025-05,28477.85,21193.25,1384.07
F100146,2025-06,28898.71,19711.12,1745.64
F100146,2025-07,29616.82,23555.68,1151.62
F100146,2025-08,25765.44,20981.99,908.86
F100147,2024-03,35476.25,23448.08,2285.35
F100147,2024-04,44012.38,30072.47,2648.58
F100147,2024-05,48962.76,33598.09,2919.29
F100147,2024-06,46579.38,28435.32,3447.37
F100147,2024-07,39046.54,22477.24,3148.17
F100147,2024-08,48862.55,31114.5,3372.13
F100147,2024-09,45278.49,25839.13,3693.48
F100147,2024-10,49499.92,29321.72,3833.86
F100147,2024-11,41010.22,24961.33,3049.29
F100147,2024-12,37340.44,25540.44,2242.0
F100147,2025-01,39659.65,22602.07,3240.94
F100147,2025-02,45604.15,29838.23,2995.52
F100147,2025-03,38188.54,22722.93,2938.46
F100147,2025-04,36101.26,23595.43,2376.11
F100147,2025-05,35529.71,22431.55,2488.65
F100147,2025-06,35604.3,22904.23,2413.01
F100147,2025-07,34396.91,23088.9,2148.52
F100147,2025-08,39296.9,26471.76,2436.78
F100148,2024-03,26898.71,20394.06,1235.88
F100148,2024-04,28820.0,20729.38,1537.22
F100148,2024-05,34539.24,26175.87,1589.04
F100148,2024-06,29026.24,19967.59,1721.14
F100148,2024-07,32868.2,22131.1,2040.05
F100148,2024-08,32958.1,21644.73,2149.54
F100148,2024-09,32684.34,22222.27,1987.79
F100148,2024-10,33808.93,23410.22,1975.75
F100148,2024-11,33025.72,24368.17,1644.93
F100148,2024-12,30929.74,22075.95,1682.22
F100148,2025-01,29383.96,21624.18,1474.36
F100148,2025-02,29302.54,21302.41,1520.02
F100148,2025-03,25517.48,18226.84,1385.22
F100148,2025-04,27473.78,19099.32,1591.15
F100148,2025-05,26937.54,17442.39,1804.08
F100148,2025-06,27247.43,19026.94,1561.89
F100148,2025-07,27372.96,17742.8,1829.73
F100148,2025-08,28427.34,18489.53,1888.18
F100149,2024-03,49478.59,38854.01,2018.67
F100149,2024-04,59017.76,42753.55,3090.2
F100149,2024-05,57888.74,45794.85,2297.84
F100149,2024-06,48872.95,33742.42,2874.8
F100149,2024-07,66603.82,44588.6,4182.89
F100149,2024-08,50835.39,33294.55,3332.76
F100149,2024-09,60136.74,40449.11,3740.65
F100149,2024-10,60149.12,39170.99,3985.84
F100149,2024-11,56967.72,37100.21,3774.83
F100149,2024-12,53967.58,39927.84,2667.55
F100149,2025-01,67977.92,52909.23,2863.05
F100149,2025-02,43657.14,33301.8,1967.51
F100149,2025-03,41355.09,28573.44,2428.51
F100149,2025-04,52943.87,37696.1,2897.08
F100149,2025-05,57975.51,41836.44,3066.42
F100149,2025-06,41643.91,28017.97,2588.93
F100149,2025-07,38982.08,30885.55,1538.34
F100149,2025-08,48651.31,35752.24,2450.82
F100150,2024-03,23952.65,16149.15,1482.66
F100150,2024-04,20814.69,15326.7,1042.72
F100150,2024-05,37075.32,26927.56,1928.07
F100150,2024-06,26534.25,18845.25,1460.91
F100150,2024-07,30412.67,23077.8,1393.63
F100150,2024-08,41775.21,28329.03,2554.77
F100150,2024-09,36181.49,24355.87,2246.87
F100150,2024-10,33442.94,25315.58,1544.2
F100150,2024-11,35860.09,26767.94,1727.51
F100150,2024-12,35798.77,24441.09,2157.96
F100150,2025-01,22710.05,15256.28,1416.22
F100150,2025-02,25784.37,16690.52,1727.83
F100150,2025-03,20538.83,14822.91,1086.03
F100150,2025-04,27118.37,17995.17,1733.41
F100150,2025-05,41719.71,29201.06,2378.54
F100150,2025-06,21434.0,15412.4,1144.1
F100150,2025-07,12259.91,9369.01,549.27
F100150,2025-08,24558.05,18153.4,1216.89
F100151,2024-03,54285.23,27218.23,5142.73
F100151,2024-04,51809.35,26513.78,4806.16
F100151,2024-05,52200.22,25334.19,5104.55
F100151,2024-06,44919.8,24262.89,3924.81
F100151,2024-07,47028.43,24852.43,4213.44
F100151,2024-08,50257.11,28913.63,4055.26
F100151,2024-09,54213.98,30117.02,4578.42
F100151,2024-10,46561.05,25664.32,3970.38
F100151,2024-11,38168.5,18876.28,3665.52
F100151,2024-12,40375.14,21519.1,3582.65
F100151,2025-01,55082.42,28531.81,5044.62
F100151,2025-02,41638.49,19817.96,4145.9
F100151,2025-03,38935.05,21058.44,3396.56
F100151,2025-04,41935.42,22031.67,3781.71
F100151,2025-05,51122.85,27180.43,4549.06
F100151,2025-06,35943.12,17832.87,3440.95
F100151,2025-07,36320.16,21107.49,2890.41
F100151,2025-08,43764.77,24129.4,3730.72
F100152,2024-03,30116.16,14136.49,3036.14
F100152,2024-04,27589.38,12856.59,2799.23
F100152,2024-05,31376.54,13240.74,3445.8
F100152,2024-06,42296.16,20333.02,4173.0
F100152,2024-07,43186.96,18367.22,4715.75
F100152,2024-08,49809.64,24146.01,4876.09
F100152,2024-09,34866.95,16405.32,3507.71
F100152,2024-10,48063.93,21001.28,5141.9
F100152,2024-11,36406.5,18251.34,3449.48
F100152,2024-12,31278.59,14355.71,3215.35
F100152,2025-01,27943.95,13904.24,2667.55
F100152,2025-02,33076.96,14673.31,3496.69
F100152,2025-03,35403.08,17256.65,3447.82
F100152,2025-04,28466.89,13280.31,2885.45
F100152,2025-05,34986.58,15514.75,3699.65
F100152,2025-06,27261.44,13022.92,2705.32
F100152,2025-07,32079.95,16098.07,3036.56
F100152,2025-08,37834.87,15862.32,4174.78
F100153,2024-03,66366.71,41587.46,4708.06
F100153,2024-04,54080.99,34046.41,3806.57
F100153,2024-05,55531.2,40541.84,2847.98
F100153,2024-06,81254.52,54839.66,5018.82
F100153,2024-07,62697.23,43465.46,3654.04
F100153,2024-08,44630.67,32495.11,2305.76
F100153,2024-09,55741.07,39221.2,3138.78
F100153,2024-10,86454.26,57233.53,5551.94
F100153,2024-11,63353.53,45481.93,3395.6
F100153,2024-12,62684.15,42123.02,3906.62
F100153,2025-01,48225.24,30555.36,3357.28
F100153,2025-02,51138.97,32334.78,3572.8
F100153,2025-03,55056.47,36133.33,3595.4
F100153,2025-04,44932.66,28598.82,3103.43
F100153,2025-05,46807.91,29507.84,3287.01
F100153,2025-06,45379.06,27630.13,3372.3
F100153,2025-07,51234.31,37390.17,2630.39
F100153,2025-08,51119.08,36346.98,2806.7
F100154,2024-03,45915.72,27336.59,3530.03
F100154,2024-04,59978.29,41193.63,3569.09
F100154,2024-05,62441.93,38581.35,4533.51
F100154,2024-06,70525.17,45576.6,4740.23
F100154,2024-07,78690.12,51032.12,5255.02
F100154,2024-08,60483.81,42417.54,3432.59
F100154,2024-09,54904.38,35997.19,3592.37
F100154,2024-10,60979.44,37088.73,4539.23
F100154,2024-11,64924.07,42500.79,4260.42
F100154,2024-12,52209.35,34447.44,3374.76
F100154,2025-01,57995.39,34911.76,4385.89
F100154,2025-02,57851.31,35848.0,4180.63
F100154,2025-03,49231.84,29585.73,3732.76
F100154,2025-04,47157.71,31161.19,3039.34
F100154,2025-05,53715.81,36517.58,3267.66
F100154,2025-06,51402.04,34398.22,3230.72
F100154,2025-07,47583.21,29026.14,3525.84
F100154,2025-08,47265.5,27904.97,3678.5
F100155,2024-03,43291.47,22976.04,3859.93
F100155,2024-04,45374.67,26917.34,3506.89
F100155,2024-05,52276.05,26516.47,4894.32
F100155,2024-06,57360.94,33927.03,4452.44
F100155,2024-07,56628.06,31349.08,4803.01
F100155,2024-08,35919.89,19167.32,3182.99
F100155,2024-09,42622.73,23587.46,3616.7
F100155,2024-10,48393.2,26733.37,4115.37
F100155,2024-11,40453.98,21015.97,3693.22
F100155,2024-12,51317.6,26745.56,4668.69
F100155,2025-01,58994.71,32153.73,5099.79
F100155,2025-02,40452.82,23922.38,3140.78
F100155,2025-03,52996.36,30848.16,4208.16
F100155,2025-04,43673.39,26691.63,3226.54
F100155,2025-05,42267.91,25770.31,3134.54
F100155,2025-06,36791.04,21214.64,2959.52
F100155,2025-07,46506.25,26709.38,3761.4
F100155,2025-08,35325.94,20078.7,2896.98
F100156,2024-03,33442.15,16784.27,3165.0
F100156,2024-04,37937.07,20778.87,3260.06
F100156,2024-05,36709.53,20737.66,3034.66
F100156,2024-06,37929.12,21881.22,3049.1
F100156,2024-07,38780.28,22172.76,3155.43
F100156,2024-08,42220.07,24388.34,3388.03
F100156,2024-09,36627.11,20820.86,3003.19
F100156,2024-10,37361.06,20272.39,3246.85
F100156,2024-11,35751.0,20858.74,2829.53
F100156,2024-12,33349.88,17930.09,2929.76
F100156,2025-01,35327.71,20437.82,2829.08
F100156,2025-02,33630.02,16482.44,3258.04
F100156,2025-03,33001.76,16756.2,3086.66
F100156,2025-04,31200.64,15232.21,3034.0
F100156,2025-05,23344.63,11217.3,2304.19
F100156,2025-06,33273.72,16591.72,3169.58
F100156,2025-07,34350.44,19986.84,2729.08
F100156,2025-08,34640.66,18239.98,3116.13
F100157,2024-03,40032.11,27927.85,2299.81
F100157,2024-04,45515.33,34473.69,2097.91
F100157,2024-05,46760.01,32649.76,2680.95
F100157,2024-06,49019.88,37274.19,2231.68
F100157,2024-07,51622.29,35151.68,3129.42
F100157,2024-08,63998.04,51425.59,2388.76
F100157,2024-09,40768.94,28755.66,2282.52
F100157,2024-10,39388.96,28018.28,2160.43
F100157,2024-11,45897.7,32533.8,2539.14
F100157,2024-12,34640.9,23053.59,2201.59
F100157,2025-01,43885.74,31120.56,2425.38
F100157,2025-02,37573.08,27714.74,1873.09
F100157,2025-03,41575.05,32571.67,1710.64
F100157,2025-04,24312.63,16663.26,1453.38
F100157,2025-05,29151.79,22561.32,1252.19
F100157,2025-06,31697.85,24527.08,1362.45
F100157,2025-07,39803.78,32133.0,1457.45
F100157,2025-08,36694.72,28449.2,1566.65
F100158,2024-03,40442.66,22681.06,3374.7
F100158,2024-04,43441.12,24670.24,3566.47
F100158,2024-05,42494.59,22833.46,3735.62
F100158,2024-06,46272.55,24540.58,4129.07
F100158,2024-07,55463.32,31136.69,4622.06
F100158,2024-08,41920.93,26123.47,3001.52
F100158,2024-09,45836.62,28193.82,3352.13
F100158,2024-10,50470.88,28773.95,4122.42
F100158,2024-11,46184.92,29118.3,3242.66
F100158,2024-12,29555.31,15585.07,2654.35
F100158,2025-01,44030.84,26994.01,3237.0
F100158,2025-02,38306.61,21698.07,3155.62
F100158,2025-03,27589.24,15996.13,2202.69
F100158,2025-04,33135.3,20999.07,2305.89
F100158,2025-05,33310.55,18306.73,2850.72
F100158,2025-06,34723.45,19498.09,2892.82
F100158,2025-07,48983.84,28378.34,3915.04
F100158,2025-08,36966.77,20136.13,3197.82
F100159,2024-03,52059.2,25385.62,5067.98
F100159,2024-04,39087.86,19889.21,3647.74
F100159,2024-05,39561.87,18673.09,3968.87
F100159,2024-06,45480.92,22951.35,4280.62
F100159,2024-07,42643.9,23619.73,3614.59
F100159,2024-08,42634.41,22229.03,3877.02
F100159,2024-09,44931.76,23028.02,4161.71
F100159,2024-10,56771.77,27866.2,5492.06
F100159,2024-11,39357.25,19903.91,3696.14
F100159,2024-12,51216.17,26353.76,4723.86
F100159,2025-01,44572.79,22204.76,4249.93
F100159,2025-02,50341.07,28737.75,4104.63
F100159,2025-03,44494.93,24627.34,3774.84
F100159,2025-04,33810.08,17976.99,3008.29
F100159,2025-05,50434.9,24281.55,4969.14
F100159,2025-06,44588.19,23010.85,4099.69
F100159,2025-07,31396.78,15113.4,3093.84
F100159,2025-08,46796.34,24854.87,4168.88
F100160,2024-03,52882.07,28874.43,4561.45
F100160,2024-04,42923.97,25830.11,3247.83
F100160,2024-05,52380.2,29662.12,4316.44
F100160,2024-06,44232.3,26009.51,3462.33
F100160,2024-07,56789.93,30541.11,4987.27
F100160,2024-08,49350.83,27031.71,4240.63
F100160,2024-09,48834.92,25489.54,4435.62
F100160,2024-10,61609.68,34990.44,5057.66
F100160,2024-11,49665.75,24862.92,4712.54
F100160,2024-12,43981.32,22440.31,4092.79
F100160,2025-01,44919.52,25732.58,3645.52
F100160,2025-02,46165.61,25638.53,3900.14
F100160,2025-03,49592.56,29460.71,3825.05
F100160,2025-04,52674.15,27241.88,4832.13
F100160,2025-05,38766.16,22894.13,3015.69
F100160,2025-06,48300.65,25937.4,4249.02
F100160,2025-07,33687.71,20189.05,2564.74
F100160,2025-08,42297.71,23540.15,3563.94
F100161,2024-03,21345.95,12500.61,1680.62
F100161,2024-04,27655.2,16903.53,2042.82
F100161,2024-05,30133.61,16558.9,2579.19
F100161,2024-06,33278.81,20990.63,2334.76
F100161,2024-07,30839.47,17082.87,2613.75
F100161,2024-08,26909.65,15473.7,2172.83
F100161,2024-09,26395.36,15890.91,1995.85
F100161,2024-10,20338.85,12512.34,1487.04
F100161,2024-11,26383.69,17155.92,1753.28
F100161,2024-12,20422.39,11912.49,1616.88
F100161,2025-01,25005.95,14333.44,2027.78
F100161,2025-02,25273.08,15186.68,1916.42
F100161,2025-03,24982.89,13481.67,2185.23
F100161,2025-04,33544.06,19289.32,2708.4
F100161,2025-05,27225.39,15363.96,2253.67
F100161,2025-06,27242.85,17256.82,1897.35
F100161,2025-07,27831.59,17252.19,2010.08
F100161,2025-08,22191.21,14136.38,1530.42
F100162,2024-03,28651.45,16764.58,2258.51
F100162,2024-04,32317.04,18479.5,2629.13
F100162,2024-05,33436.12,19454.89,2656.43
F100162,2024-06,32927.93,18253.54,2788.13
F100162,2024-07,37382.6,21089.04,3095.78
F100162,2024-08,27532.7,14220.85,2529.25
F100162,2024-09,23140.91,12105.56,2096.72
F100162,2024-10,32384.36,18063.73,2720.92
F100162,2024-11,29482.06,16869.95,2396.3
F100162,2024-12,25683.99,16014.19,1837.26
F100162,2025-01,27395.34,15870.41,2189.74
F100162,2025-02,28586.49,17409.55,2123.62
F100162,2025-03,22565.11,12668.73,1880.31
F100162,2025-04,24344.11,14806.99,1812.05
F100162,2025-05,27755.0,17123.35,2020.01
F100162,2025-06,29850.62,18800.61,2099.5
F100162,2025-07,29355.59,17192.55,2310.98
F100162,2025-08,27817.94,14954.87,2443.98
F100163,2024-03,24887.46,15828.73,1721.16
F100163,2024-04,29152.77,17939.07,2130.6
F100163,2024-05,34930.29,22332.86,2393.51
F100163,2024-06,31010.18,21437.16,1818.87
F100163,2024-07,30129.92,19604.7,1999.79
F100163,2024-08,32637.53,22322.72,1959.81
F100163,2024-09,31891.18,18356.66,2571.56
F100163,2024-10,27362.97,17272.71,1917.15
F100163,2024-11,23573.07,14675.01,1690.63
F100163,2024-12,31445.14,18323.4,2493.13
F100163,2025-01,30288.93,20314.52,1895.14
F100163,2025-02,26719.01,17233.34,1802.28
F100163,2025-03,31943.6,18840.77,2489.54
F100163,2025-04,25966.53,15104.3,2063.82
F100163,2025-05,28235.51,16476.99,2234.12
F100163,2025-06,28686.12,17141.42,2193.49
F100163,2025-07,29453.57,16882.72,2388.46
F100163,2025-08,27391.91,17019.9,1970.68
F100164,2024-03,22451.52,16249.5,1178.38
F100164,2024-04,22644.72,14853.01,1480.42
F100164,2024-05,22182.09,15174.0,1331.54
F100164,2024-06,19998.9,14322.58,1078.5
F100164,2024-07,22409.95,15115.19,1386.0
F100164,2024-08,16619.56,13165.04,656.36
F100164,2024-09,27310.17,20601.78,1274.59
F100164,2024-10,32139.19,25296.54,1300.1
F100164,2024-11,16368.31,11123.05,996.6
F100164,2024-12,28875.84,19116.22,1854.33
F100164,2025-01,24440.12,18855.7,1061.04
F100164,2025-02,22239.57,16975.17,1000.24
F100164,2025-03,18802.7,14248.72,865.25
F100164,2025-04,23292.03,17357.5,1127.56
F100164,2025-05,25383.05,18751.79,1259.94
F100164,2025-06,22335.98,17161.11,983.22
F100164,2025-07,15922.63,10562.82,1018.36
F100164,2025-08,25783.86,18415.93,1399.91
F100165,2024-03,44104.75,31493.35,2396.17
F100165,2024-04,33454.74,24339.5,1731.9
F100165,2024-05,65824.6,43945.2,4157.09
F100165,2024-06,50158.99,33483.65,3168.32
F100165,2024-07,54026.15,35021.28,3610.92
F100165,2024-08,55520.69,36379.19,3636.88
F100165,2024-09,49737.17,36402.92,2533.51
F100165,2024-10,53762.22,40117.05,2592.58
F100165,2024-11,50279.41,33383.05,3210.31
F100165,2024-12,50945.3,40238.75,2034.24
F100165,2025-01,44076.82,33933.08,1927.31
F100165,2025-02,53535.84,35972.2,3337.09
F100165,2025-03,27973.62,21308.22,1266.43
F100165,2025-04,52950.31,34447.67,3515.5
F100165,2025-05,47396.64,32013.69,2922.76
F100165,2025-06,31849.73,24061.75,1479.72
F100165,2025-07,38618.85,29184.17,1792.59
F100165,2025-08,29678.25,20329.38,1776.29
F100166,2024-03,59356.03,33942.34,4828.6
F100166,2024-04,60904.7,31352.07,5615.0
F100166,2024-05,59847.36,35229.74,4677.35
F100166,2024-06,61503.24,32717.06,5469.37
F100166,2024-07,63793.34,36403.2,5204.12
F100166,2024-08,69342.28,36271.29,6283.49
F100166,2024-09,58300.11,30580.58,5266.71
F100166,2024-10,56093.43,28646.5,5214.92
F100166,2024-11,52046.93,29570.73,4270.48
F100166,2024-12,43609.25,26280.88,3292.39
F100166,2025-01,46382.23,27138.34,3656.34
F100166,2025-02,57338.97,31112.85,4982.96
F100166,2025-03,43337.93,22225.42,4011.38
F100166,2025-04,56482.08,32951.53,4470.8
F100166,2025-05,51720.77,27479.37,4605.87
F100166,2025-06,45495.85,25892.76,3724.59
F100166,2025-07,43880.38,22475.35,4066.95
F100166,2025-08,49314.52,29798.69,3708.01
F100167,2024-03,51420.39,29719.77,4123.12
F100167,2024-04,50248.25,26768.53,4461.15
F100167,2024-05,56762.23,30938.6,4906.49
F100167,2024-06,54803.7,29328.21,4840.34
F100167,2024-07,58566.88,32951.44,4866.93
F100167,2024-08,58986.15,31880.19,5150.13
F100167,2024-09,58603.58,28560.22,5708.24
F100167,2024-10,63752.55,35056.34,5452.28
F100167,2024-11,62904.16,33002.51,5681.31
F100167,2024-12,59672.77,34521.01,4778.83
F100167,2025-01,54401.81,29352.94,4759.28
F100167,2025-02,51820.34,25518.93,4997.27
F100167,2025-03,46584.1,23283.91,4427.04
F100167,2025-04,50876.87,25437.54,4833.47
F100167,2025-05,44977.72,22249.33,4318.39
F100167,2025-06,45094.39,23495.29,4103.83
F100167,2025-07,50160.04,28965.29,4027.0
F100167,2025-08,53722.83,28551.39,4782.57
F100168,2024-03,54014.11,39902.83,2681.14
F100168,2024-04,68260.25,52120.87,3066.48
F100168,2024-05,66459.74,45883.72,3909.44
F100168,2024-06,78002.2,59739.8,3469.86
F100168,2024-07,53031.35,37881.75,2878.42
F100168,2024-08,66669.33,47146.52,3709.34
F100168,2024-09,66960.1,45304.56,4114.55
F100168,2024-10,73873.53,48713.58,4780.39
F100168,2024-11,69973.06,46721.59,4417.78
F100168,2024-12,65860.12,49407.76,3125.95
F100168,2025-01,54135.9,37677.54,3127.09
F100168,2025-02,58508.76,42429.48,3055.06
F100168,2025-03,61082.32,41633.57,3695.26
F100168,2025-04,56428.1,42601.27,2627.1
F100168,2025-05,44296.5,34452.37,1870.39
F100168,2025-06,59524.62,43914.08,2966.0
F100168,2025-07,63213.69,43490.03,3747.49
F100168,2025-08,53419.47,36810.5,3155.7
F100169,2024-03,35876.99,24331.73,2193.6
F100169,2024-04,36410.51,27134.23,1762.49
F100169,2024-05,40147.81,28910.05,2135.18
F100169,2024-06,40529.44,29401.34,2114.34
F100169,2024-07,38662.56,27765.14,2070.51
F100169,2024-08,38042.7,28044.72,1899.62
F100169,2024-09,38520.26,27233.17,2144.55
F100169,2024-10,36115.29,27086.7,1715.43
F100169,2024-11,40036.25,28116.67,2264.72
F100169,2024-12,43594.52,32786.02,2053.62
F100169,2025-01,36348.7,25898.97,1985.45
F100169,2025-02,43381.84,31633.86,2232.12
F100169,2025-03,37206.8,26891.37,1959.93
F100169,2025-04,37603.43,28870.76,1659.21
F100169,2025-05,38882.55,25969.18,2453.54
F100169,2025-06,39028.23,29519.06,1806.74
F100169,2025-07,37040.19,24706.96,2343.31
F100169,2025-08,34205.15,24880.2,1771.74
F100170,2024-03,47902.07,25785.77,4202.1
F100170,2024-04,49588.02,27783.47,4142.86
F100170,2024-05,52090.93,26265.35,4906.86
F100170,2024-06,54739.88,25677.66,5521.82
F100170,2024-07,53654.72,28813.98,4719.74
F100170,2024-08,46748.78,21871.17,4726.75
F100170,2024-09,57452.88,30240.65,5170.32
F100170,2024-10,55127.36,30625.84,4655.29
F100170,2024-11,43644.81,23628.59,3803.08
F100170,2024-12,44573.81,25005.28,3718.02
F100170,2025-01,50873.3,25768.86,4769.84
F100170,2025-02,41129.94,21002.43,3824.23
F100170,2025-03,41538.37,21237.98,3857.07
F100170,2025-04,41938.53,19823.5,4201.86
F100170,2025-05,45596.93,24738.98,3963.01
F100170,2025-06,32228.33,15531.28,3172.44
F100170,2025-07,42822.15,20985.74,4148.92
F100170,2025-08,33888.71,18698.14,2886.21
F100171,2024-03,44724.62,23461.11,4040.07
F100171,2024-04,50002.68,25677.97,4621.69
F100171,2024-05,62095.55,28045.97,6469.42
F100171,2024-06,52019.36,23077.96,5498.87
F100171,2024-07,58594.55,30831.21,5275.04
F100171,2024-08,42713.68,20743.58,4174.32
F100171,2024-09,41016.04,18865.23,4208.65
F100171,2024-10,57482.36,25349.11,6105.32
F100171,2024-11,39756.23,18283.8,4079.76
F100171,2024-12,54153.58,24538.43,5626.88
F100171,2025-01,70666.16,33677.85,7027.78
F100171,2025-02,29627.98,13675.44,3030.98
F100171,2025-03,39830.69,20628.18,3648.48
F100171,2025-04,42999.17,22511.33,3892.69
F100171,2025-05,47793.11,24627.62,4401.44
F100171,2025-06,59848.69,31138.93,5454.86
F100171,2025-07,52909.87,26119.94,5090.09
F100171,2025-08,31893.9,14478.04,3309.01
F100172,2024-03,38149.89,20583.03,3337.7
F100172,2024-04,23841.79,12549.76,2145.49
F100172,2024-05,44587.22,24668.25,3784.6
F100172,2024-06,32739.63,16898.28,3009.86
F100172,2024-07,32335.7,15352.9,3226.73
F100172,2024-08,29321.18,13667.33,2974.23
F100172,2024-09,42322.96,20265.07,4191.0
F100172,2024-10,31508.24,14521.41,3227.5
F100172,2024-11,26862.88,12588.15,2712.2
F100172,2024-12,30505.25,16647.39,2632.99
F100172,2025-01,39444.58,21533.03,3403.2
F100172,2025-02,36008.22,17548.68,3507.31
F100172,2025-03,31120.25,15180.57,3028.54
F100172,2025-04,38159.4,19208.26,3600.72
F100172,2025-05,30411.42,15635.43,2807.44
F100172,2025-06,36130.28,18311.35,3385.6
F100172,2025-07,39549.56,18375.17,4023.13
F100172,2025-08,44391.73,21176.25,4410.94
F100173,2024-03,60215.07,33421.61,5090.76
F100173,2024-04,35893.35,17213.5,3549.17
F100173,2024-05,69352.87,39016.41,5763.93
F100173,2024-06,45254.88,25382.45,3775.76
F100173,2024-07,26742.26,14785.72,2271.74
F100173,2024-08,45042.87,25791.54,3657.75
F100173,2024-09,54099.01,27554.21,5043.51
F100173,2024-10,42265.12,23436.56,3577.43
F100173,2024-11,54107.3,31051.07,4380.68
F100173,2024-12,53893.31,31211.38,4309.57
F100173,2025-01,46398.13,23780.98,4297.26
F100173,2025-02,41383.15,22539.1,3580.37
F100173,2025-03,48908.47,28063.4,3960.56
F100173,2025-04,55608.89,29472.76,4965.86
F100173,2025-05,41675.2,24099.47,3339.39
F100173,2025-06,45582.39,25097.82,3892.07
F100173,2025-07,34259.92,18936.43,2911.46
F100173,2025-08,51919.66,26715.88,4788.72
F100174,2024-03,14999.06,7984.19,1332.83
F100174,2024-04,12417.99,5912.46,1236.05
F100174,2024-05,17463.97,7700.64,1855.03
F100174,2024-06,16543.09,8798.71,1471.43
F100174,2024-07,13412.01,6326.53,1346.24
F100174,2024-08,21302.93,9772.52,2190.78
F100174,2024-09,18475.56,8600.4,1876.28
F100174,2024-10,20656.04,10876.86,1858.05
F100174,2024-11,14582.28,7391.27,1366.29
F100174,2024-12,16876.82,8813.6,1532.01
F100174,2025-01,15916.81,8189.96,1468.1
F100174,2025-02,12167.95,6081.5,1156.43
F100174,2025-03,13867.9,6213.51,1454.33
F100174,2025-04,14474.81,6720.01,1473.41
F100174,2025-05,13211.91,6751.41,1227.5
F100174,2025-06,13373.99,5967.33,1407.27
F100174,2025-07,14337.42,7126.59,1370.06
F100174,2025-08,16019.35,8091.86,1506.22
F100175,2024-03,46777.11,25489.68,4044.61
F100175,2024-04,48209.55,30209.57,3420.0
F100175,2024-05,56353.01,35662.58,3931.18
F100175,2024-06,60685.53,35134.6,4854.68
F100175,2024-07,52984.72,30227.54,4323.86
F100175,2024-08,67038.39,39831.64,5169.28
F100175,2024-09,37244.15,22247.62,2849.34
F100175,2024-10,48776.5,30222.13,3525.33
F100175,2024-11,46247.0,29380.53,3204.63
F100175,2024-12,45529.56,29211.93,3100.35
F100175,2025-01,43180.83,28059.68,2873.02
F100175,2025-02,28128.2,18110.19,1903.42
F100175,2025-03,37092.06,20881.34,3080.04
F100175,2025-04,40798.1,22495.09,3477.57
F100175,2025-05,42563.1,25211.83,3296.74
F100175,2025-06,44842.97,25505.54,3674.11
F100175,2025-07,46385.49,27391.12,3608.93
F100175,2025-08,47173.41,25547.26,4108.97
F100176,2024-03,27588.29,18452.07,1735.88
F100176,2024-04,22097.76,14397.24,1463.1
F100176,2024-05,26654.57,14830.29,2246.61
F100176,2024-06,30845.37,19248.52,2203.4
F100176,2024-07,30222.56,18997.22,2132.81
F100176,2024-08,29884.69,16963.45,2455.04
F100176,2024-09,29693.82,17651.95,2287.96
F100176,2024-10,28985.9,17174.42,2244.18
F100176,2024-11,25210.14,14932.44,1952.76
F100176,2024-12,25058.81,16860.51,1557.68
F100176,2025-01,22617.88,12553.62,1912.21
F100176,2025-02,27483.61,18367.26,1732.11
F100176,2025-03,23171.88,14727.83,1604.37
F100176,2025-04,23335.31,15028.29,1578.33
F100176,2025-05,21727.76,13866.53,1493.63
F100176,2025-06,21915.54,13468.7,1604.9
F100176,2025-07,24387.22,15159.23,1753.32
F100176,2025-08,23529.08,13558.84,1894.35
F100177,2024-03,26067.3,12180.17,2638.55
F100177,2024-04,26734.06,13921.44,2434.4
F100177,2024-05,30523.68,15040.58,2941.79
F100177,2024-06,29437.67,15116.72,2720.98
F100177,2024-07,31160.86,13862.75,3286.64
F100177,2024-08,27402.1,14013.01,2543.93
F100177,2024-09,28048.45,13174.05,2826.14
F100177,2024-10,25019.07,11445.63,2578.95
F100177,2024-11,24032.36,10904.11,2494.37
F100177,2024-12,25659.63,11727.36,2647.13
F100177,2025-01,21893.84,9867.78,2284.95
F100177,2025-02,23389.81,11902.33,2182.62
F100177,2025-03,21731.96,9674.81,2290.86
F100177,2025-04,19004.18,9262.93,1850.84
F100177,2025-05,22146.34,11966.77,1934.12
F100177,2025-06,23049.12,11840.86,2129.57
F100177,2025-07,21448.06,10683.85,2045.2
F100177,2025-08,26943.44,13943.14,2470.06
F100178,2024-03,37445.6,24136.61,2528.71
F100178,2024-04,38738.8,27636.79,2109.38
F100178,2024-05,35969.61,27391.9,1629.77
F100178,2024-06,40962.06,28126.4,2438.78
F100178,2024-07,38720.17,29201.93,1808.47
F100178,2024-08,36612.7,28087.69,1619.75
F100178,2024-09,27690.83,18977.0,1655.63
F100178,2024-10,25547.1,16995.94,1624.72
F100178,2024-11,45967.51,30879.84,2866.66
F100178,2024-12,30493.46,22486.03,1521.41
F100178,2025-01,39310.6,27553.89,2233.78
F100178,2025-02,35971.46,26996.05,1705.33
F100178,2025-03,42074.55,28856.0,2511.52
F100178,2025-04,32226.15,23886.98,1584.44
F100178,2025-05,31184.67,22748.49,1602.87
F100178,2025-06,37515.47,28595.75,1694.75
F100178,2025-07,39016.53,25490.62,2569.92
F100178,2025-08,37286.36,27985.6,1767.14
F100179,2024-03,62626.14,42717.56,3782.63
F100179,2024-04,59581.03,37466.36,4201.79
F100179,2024-05,60657.01,42017.12,3541.58
F100179,2024-06,65331.29,46350.61,3606.33
F100179,2024-07,66696.25,42837.89,4533.09
F100179,2024-08,64356.42,38280.33,4954.46
F100179,2024-09,65776.6,45925.55,3771.7
F100179,2024-10,62915.47,38045.44,4725.31
F100179,2024-11,57269.71,38383.28,3588.42
F100179,2024-12,61878.85,43040.64,3579.26
F100179,2025-01,62792.43,37460.94,4812.98
F100179,2025-02,53818.27,35132.47,3550.3
F100179,2025-03,54429.43,32960.61,4079.08
F100179,2025-04,56783.59,39340.94,3314.1
F100179,2025-05,55463.06,39574.33,3018.86
F100179,2025-06,58727.8,40404.21,3481.48
F100179,2025-07,54756.52,33191.25,4097.4
F100179,2025-08,55737.45,33312.56,4260.73
F100180,2024-03,47977.82,35754.24,2322.48
F100180,2024-04,50596.07,33659.37,3217.97
F100180,2024-05,55313.43,38712.14,3154.25
F100180,2024-06,50376.51,33464.23,3213.33
F100180,2024-07,46165.27,32192.94,2654.74
F100180,2024-08,45962.82,32786.09,2503.58
F100180,2024-09,34952.92,25839.34,1731.58
F100180,2024-10,34980.3,25007.25,1894.88
F100180,2024-11,31617.9,21749.58,1874.98
F100180,2024-12,42067.64,27417.91,2783.45
F100180,2025-01,33610.25,25364.83,1566.63
F100180,2025-02,50552.82,38803.06,2232.45
F100180,2025-03,52695.26,35757.17,3218.24
F100180,2025-04,40951.47,31365.78,1821.28
F100180,2025-05,47049.08,35613.13,2172.83
F100180,2025-06,31348.14,19984.55,2159.08
F100180,2025-07,38676.42,25560.66,2491.99
F100180,2025-08,39689.64,29347.6,1964.99
F100181,2024-03,57729.75,36921.01,3953.66
F100181,2024-04,57270.7,37519.82,3752.67
F100181,2024-05,60494.19,39470.29,3994.54
F100181,2024-06,57137.05,38216.45,3594.91
F100181,2024-07,68732.0,50218.24,3517.61
F100181,2024-08,53550.16,41131.07,2359.63
F100181,2024-09,62354.61,42191.7,3830.95
F100181,2024-10,55069.59,36836.57,3464.27
F100181,2024-11,71121.25,51374.93,3751.8
F100181,2024-12,49588.1,34190.63,2925.52
F100181,2025-01,49068.24,31325.54,3371.11
F100181,2025-02,50637.28,33625.87,3232.17
F100181,2025-03,32333.03,22192.72,1926.66
F100181,2025-04,37161.22,24435.54,2417.88
F100181,2025-05,40401.97,30579.16,1866.33
F100181,2025-06,42925.15,27695.54,2893.63
F100181,2025-07,51435.19,33053.57,3492.51
F100181,2025-08,47129.28,35435.17,2221.88
F100182,2024-03,43963.08,22851.22,4011.25
F100182,2024-04,56157.7,27091.77,5522.53
F100182,2024-05,49206.82,25211.07,4559.19
F100182,2024-06,46410.64,20161.02,4987.43
F100182,2024-07,77248.02,34175.73,8183.74
F100182,2024-08,62409.97,26726.78,6779.81
F100182,2024-09,51658.66,22812.26,5480.82
F100182,2024-10,47150.39,20867.34,4993.78
F100182,2024-11,49097.67,24913.11,4595.07
F100182,2024-12,40062.32,18241.4,4145.97
F100182,2025-01,53994.32,25664.86,5382.6
F100182,2025-02,53557.23,24767.05,5470.13
F100182,2025-03,55728.6,27006.23,5457.25
F100182,2025-04,30837.66,14683.3,3069.33
F100182,2025-05,45471.25,19617.01,4912.3
F100182,2025-06,32682.96,16533.86,3068.33
F100182,2025-07,46720.33,22580.8,4586.51
F100182,2025-08,37267.01,16194.47,4003.78
F100183,2024-03,46546.47,30324.72,3082.13
F100183,2024-04,47600.39,29009.95,3532.18
F100183,2024-05,52246.34,33279.98,3603.61
F100183,2024-06,47987.83,34049.1,2648.36
F100183,2024-07,50442.75,35878.52,2767.2
F100183,2024-08,47116.97,30536.8,3150.23
F100183,2024-09,45427.23,31960.02,2558.77
F100183,2024-10,43609.8,28537.35,2863.77
F100183,2024-11,52198.78,34934.98,3280.12
F100183,2024-12,48601.74,29119.11,3701.7
F100183,2025-01,49066.95,32345.96,3176.99
F100183,2025-02,40706.23,24916.3,3000.09
F100183,2025-03,40807.15,29381.77,2170.82
F100183,2025-04,36718.97,25525.34,2126.79
F100183,2025-05,46174.18,29440.04,3179.49
F100183,2025-06,52549.27,36327.41,3082.15
F100183,2025-07,42034.08,26557.55,2940.54
F100183,2025-08,50136.36,36045.17,2677.33
F100184,2024-03,54303.38,43993.16,1958.94
F100184,2024-04,50912.35,39993.19,2074.64
F100184,2024-05,66356.08,54210.94,2307.58
F100184,2024-06,53267.89,37165.33,3059.49
F100184,2024-07,69851.66,51162.17,3551.0
F100184,2024-08,58979.13,48293.38,2030.29
F100184,2024-09,53589.13,41369.15,2321.8
F100184,2024-10,67514.32,49751.63,3374.91
F100184,2024-11,63255.53,46448.66,3193.3
F100184,2024-12,57581.47,42777.67,2812.72
F100184,2025-01,58198.84,42811.46,2923.6
F100184,2025-02,48034.95,34408.44,2589.04
F100184,2025-03,52352.19,40594.0,2234.06
F100184,2025-04,58822.83,48323.53,1994.87
F100184,2025-05,41810.55,29153.59,2404.82
F100184,2025-06,55046.15,45159.31,1878.5
F100184,2025-07,56458.5,45614.87,2060.29
F100184,2025-08,39518.13,31915.65,1444.47
F100185,2024-03,52005.7,24016.57,5317.94
F100185,2024-04,67972.81,33352.64,6577.83
F100185,2024-05,57547.28,28320.46,5553.09
F100185,2024-06,65839.36,30394.38,6734.55
F100185,2024-07,61959.28,30445.26,5987.66
F100185,2024-08,87937.59,44445.3,8263.54
F100185,2024-09,60860.78,32443.59,5399.27
F100185,2024-10,90846.42,45200.82,8672.66
F100185,2024-11,58887.53,30877.93,5321.82
F100185,2024-12,54524.23,27362.45,5160.74
F100185,2025-01,69080.28,34174.64,6632.07
F100185,2025-02,39097.59,18442.26,3924.51
F100185,2025-03,57257.54,27731.93,5609.87
F100185,2025-04,48659.25,25449.42,4409.87
F100185,2025-05,33087.27,16548.71,3142.33
F100185,2025-06,70097.4,31662.11,7302.71
F100185,2025-07,61828.03,30847.46,5886.31
F100185,2025-08,48570.2,21855.98,5075.7
F100186,2024-03,58830.78,27385.61,5974.58
F100186,2024-04,56015.78,25817.93,5737.59
F100186,2024-05,63653.07,32338.51,5949.77
F100186,2024-06,61409.53,27105.83,6517.7
F100186,2024-07,58948.3,27947.52,5890.15
F100186,2024-08,66587.53,34757.07,6047.79
F100186,2024-09,58102.5,29031.11,5523.56
F100186,2024-10,68436.84,34987.77,6355.32
F100186,2024-11,56724.31,26207.11,5798.27
F100186,2024-12,52132.5,26889.08,4796.25
F100186,2025-01,57177.73,26118.31,5901.29
F100186,2025-02,60997.95,29000.72,6079.47
F100186,2025-03,52280.38,25285.56,5129.02
F100186,2025-04,56602.04,30050.03,5044.88
F100186,2025-05,65364.39,32363.85,6270.1
F100186,2025-06,50470.74,25921.27,4664.4
F100186,2025-07,56473.79,25344.62,5914.54
F100186,2025-08,50830.5,22600.72,5363.66
F100187,2024-03,59690.83,39313.33,3871.72
F100187,2024-04,47126.44,32261.59,2824.32
F100187,2024-05,71293.14,49635.4,4114.97
F100187,2024-06,77794.71,55371.25,4260.46
F100187,2024-07,39796.96,28428.22,2160.06
F100187,2024-08,70724.52,50528.35,3837.27
F100187,2024-09,55033.68,41738.25,2526.13
F100187,2024-10,57635.16,43831.34,2622.73
F100187,2024-11,51294.08,38746.12,2384.11
F100187,2024-12,61100.68,44093.06,3231.45
F100187,2025-01,42163.48,28666.17,2564.49
F100187,2025-02,25544.51,17595.74,1510.27
F100187,2025-03,59948.31,43031.15,3214.26
F100187,2025-04,52327.17,39181.3,2497.72
F100187,2025-05,46637.92,34294.33,2345.28
F100187,2025-06,56867.34,40072.2,3191.08
F100187,2025-07,57441.55,43238.03,2698.67
F100187,2025-08,53031.14,35553.48,3320.76
F100188,2024-03,29031.87,14866.72,2691.38
F100188,2024-04,28846.5,15638.82,2509.46
F100188,2024-05,34289.02,19628.74,2785.45
F100188,2024-06,31548.84,16095.22,2936.19
F100188,2024-07,33211.51,18525.93,2790.26
F100188,2024-08,36904.69,21202.7,2983.38
F100188,2024-09,33012.19,19859.89,2498.94
F100188,2024-10,35563.58,18202.65,3298.58
F100188,2024-11,34107.86,17509.36,3153.72
F100188,2024-12,34024.8,17181.61,3200.21
F100188,2025-01,28845.51,16361.16,2372.03
F100188,2025-02,31985.7,17690.92,2716.01
F100188,2025-03,28782.14,15300.58,2561.5
F100188,2025-04,32312.82,18916.24,2545.35
F100188,2025-05,27203.95,14952.36,2327.8
F100188,2025-06,28435.25,14738.02,2602.47
F100188,2025-07,32453.6,19704.18,2422.39
F100188,2025-08,28785.52,14705.06,2675.29
F100189,2024-03,39239.8,26448.94,2430.26
F100189,2024-04,39288.86,27152.49,2305.91
F100189,2024-05,50131.48,33592.79,3142.35
F100189,2024-06,39136.88,29523.72,1826.5
F100189,2024-07,50566.9,33193.27,3300.99
F100189,2024-08,39915.36,25524.83,2734.2
F100189,2024-09,35942.76,26748.88,1746.84
F100189,2024-10,41284.47,30315.46,2084.11
F100189,2024-11,51851.56,34822.24,3235.57
F100189,2024-12,38855.81,24750.64,2679.98
F100189,2025-01,41844.14,27916.68,2646.22
F100189,2025-02,35713.22,23815.52,2260.56
F100189,2025-03,24927.73,16686.53,1565.83
F100189,2025-04,32394.64,21912.65,1991.58
F100189,2025-05,34354.48,24372.39,1896.6
F100189,2025-06,38182.59,25517.36,2406.39
F100189,2025-07,40281.18,27759.29,2379.16
F100189,2025-08,44081.15,31725.04,2347.66
F100190,2024-03,45141.89,27041.09,3439.15
F100190,2024-04,47049.82,25640.86,4067.7
F100190,2024-05,41923.98,24444.66,3321.07
F100190,2024-06,40759.89,25831.81,2836.34
F100190,2024-07,39289.81,25610.36,2599.1
F100190,2024-08,39020.97,21405.95,3346.85
F100190,2024-09,48317.84,28839.17,3700.95
F100190,2024-10,41843.07,26191.11,2973.87
F100190,2024-11,40435.77,24049.54,3113.38
F100190,2024-12,43555.12,25537.98,3423.26
F100190,2025-01,47253.37,27750.69,3705.51
F100190,2025-02,30874.29,19692.32,2124.57
F100190,2025-03,37641.5,24219.14,2550.25
F100190,2025-04,40085.72,23180.2,3212.05
F100190,2025-05,36488.71,21511.33,2845.7
F100190,2025-06,37487.62,22898.81,2771.87
F100190,2025-07,36726.59,24068.26,2405.08
F100190,2025-08,36324.78,21716.43,2775.59
F100191,2024-03,46980.74,31223.03,2993.97
F100191,2024-04,64712.18,40505.27,4599.31
F100191,2024-05,52299.81,33276.68,3614.39
F100191,2024-06,57886.32,37026.74,3963.32
F100191,2024-07,40363.49,23836.86,3140.06
F100191,2024-08,58200.35,37844.2,3867.67
F100191,2024-09,59353.5,33832.1,4849.07
F100191,2024-10,64845.91,37777.92,5142.92
F100191,2024-11,56687.38,36243.31,3884.37
F100191,2024-12,52053.07,29728.65,4241.64
F100191,2025-01,54580.45,32169.55,4258.07
F100191,2025-02,53744.69,33112.24,3920.17
F100191,2025-03,46844.86,31370.93,2940.05
F100191,2025-04,46299.1,29881.66,3119.32
F100191,2025-05,42320.04,27403.96,2834.05
F100191,2025-06,51830.52,29972.92,4152.94
F100191,2025-07,40026.82,26016.24,2662.01
F100191,2025-08,37665.7,21262.43,3116.62
F100192,2024-03,19542.97,9319.82,1942.4
F100192,2024-04,19351.41,10405.68,1699.69
F100192,2024-05,21820.74,11741.11,1915.13
F100192,2024-06,19422.94,11221.55,1558.26
F100192,2024-07,21538.55,11032.73,1996.1
F100192,2024-08,21919.45,12352.25,1817.77
F100192,2024-09,19761.66,11284.8,1610.6
F100192,2024-10,16859.63,8221.75,1641.2
F100192,2024-11,19613.42,9834.32,1858.03
F100192,2024-12,21426.99,11471.43,1891.56
F100192,2025-01,20435.8,11672.36,1665.05
F100192,2025-02,14818.56,7553.78,1380.31
F100192,2025-03,19704.1,10779.15,1695.74
F100192,2025-04,24095.31,13027.38,2102.91
F100192,2025-05,17955.17,10180.2,1477.25
F100192,2025-06,19234.01,10688.22,1623.7
F100192,2025-07,22481.89,11745.61,2039.89
F100192,2025-08,16846.64,9484.62,1398.78
F100193,2024-03,22633.6,12060.98,2008.8
F100193,2024-04,21833.67,10786.32,2099.0
F100193,2024-05,25511.05,14128.22,2162.74
F100193,2024-06,20820.94,12443.62,1591.69
F100193,2024-07,23189.3,11721.68,2178.85
F100193,2024-08,23603.89,11877.59,2228.0
F100193,2024-09,18360.47,10404.73,1511.59
F100193,2024-10,21597.64,12427.56,1742.31
F100193,2024-11,23848.93,13652.9,1937.25
F100193,2024-12,18091.26,10865.94,1372.81
F100193,2025-01,15020.04,7505.93,1427.68
F100193,2025-02,18802.04,9303.2,1804.78
F100193,2025-03,20402.85,10948.51,1796.32
F100193,2025-04,19325.94,11331.18,1519.01
F100193,2025-05,16906.77,10038.36,1305.0
F100193,2025-06,20592.61,11340.53,1757.89
F100193,2025-07,19132.0,10400.51,1658.98
F100193,2025-08,19470.28,9767.84,1843.46
F100194,2024-03,46815.14,30119.1,3172.25
F100194,2024-04,51468.22,32865.8,3534.46
F100194,2024-05,49590.26,30725.77,3584.25
F100194,2024-06,52513.36,29121.25,4444.5
F100194,2024-07,59097.95,33633.58,4838.23
F100194,2024-08,49414.51,32070.49,3295.36
F100194,2024-09,41754.6,23783.26,3414.55
F100194,2024-10,44877.88,27250.26,3349.25
F100194,2024-11,48171.91,28290.77,3777.42
F100194,2024-12,35774.99,21761.84,2662.5
F100194,2025-01,38736.88,21747.77,3227.93
F100194,2025-02,47904.57,29008.05,3590.34
F100194,2025-03,47064.0,28603.66,3507.47
F100194,2025-04,41337.13,24786.7,3144.58
F100194,2025-05,43511.33,24858.22,3544.09
F100194,2025-06,42545.26,27535.71,2851.81
F100194,2025-07,39352.39,25271.13,2675.44
F100194,2025-08,49468.09,30166.01,3667.39
F100195,2024-03,52068.42,23168.45,5490.99
F100195,2024-04,55929.91,27221.09,5454.68
F100195,2024-05,55875.06,27602.52,5371.78
F100195,2024-06,57946.47,26174.77,6036.62
F100195,2024-07,57885.11,26349.13,5991.84
F100195,2024-08,58912.9,27548.12,5959.31
F100195,2024-09,58101.98,27975.42,5724.05
F100195,2024-10,55942.55,26739.95,5548.49
F100195,2024-11,57118.72,26265.11,5862.19
F100195,2024-12,52477.01,23458.34,5513.55
F100195,2025-01,46703.63,20905.89,4901.57
F100195,2025-02,46498.77,22360.25,4586.32
F100195,2025-03,43392.4,21409.75,4176.7
F100195,2025-04,41378.36,18480.38,4350.62
F100195,2025-05,44094.57,19284.01,4714.01
F100195,2025-06,42810.39,18308.02,4655.45
F100195,2025-07,45564.92,19992.51,4858.76
F100195,2025-08,48735.31,22125.31,5055.9
F100196,2024-03,28922.24,12362.88,3146.28
F100196,2024-04,29585.53,13477.67,3060.49
F100196,2024-05,30164.82,13700.6,3128.2
F100196,2024-06,30597.78,15416.87,2884.37
F100196,2024-07,30825.12,14848.71,3035.52
F100196,2024-08,30823.06,13525.61,3286.52
F100196,2024-09,30596.41,13346.32,3277.52
F100196,2024-10,30164.83,15126.91,2857.21
F100196,2024-11,29583.97,14124.07,2937.38
F100196,2024-12,28921.78,13295.66,2968.96
F100196,2025-01,28262.56,12201.82,3051.54
F100196,2025-02,27682.04,13299.42,2732.7
F100196,2025-03,27250.56,12147.5,2869.58
F100196,2025-04,27019.53,13367.99,2593.79
F100196,2025-05,27019.33,13598.66,2549.93
F100196,2025-06,27250.46,13283.57,2653.71
F100196,2025-07,27680.59,12002.88,2978.76
F100196,2025-08,28261.59,11744.19,3138.31
F100197,2024-03,42809.32,21762.6,3998.88
F100197,2024-04,39308.25,18426.03,3967.62
F100197,2024-05,43777.0,21117.46,4305.31
F100197,2024-06,51890.27,22680.96,5549.77
F100197,2024-07,46751.31,21998.77,4702.98
F100197,2024-08,44493.03,19439.26,4760.22
F100197,2024-09,37983.3,18708.76,3662.16
F100197,2024-10,39971.61,17159.4,4334.32
F100197,2024-11,44453.88,21603.58,4341.56
F100197,2024-12,40491.39,19100.13,4064.34
F100197,2025-01,35736.68,15565.58,3832.51
F100197,2025-02,35662.55,17646.4,3423.07
F100197,2025-03,36807.32,16193.47,3916.63
F100197,2025-04,35649.95,15191.58,3887.09
F100197,2025-05,36493.3,15546.03,3979.98
F100197,2025-06,38828.19,19767.66,3621.5
F100197,2025-07,38266.24,17523.97,3941.03
F100197,2025-08,38471.47,18519.57,3790.86
F100198,2024-03,71653.47,39424.91,6123.43
F100198,2024-04,65672.22,38021.13,5253.71
F100198,2024-05,71790.83,43048.71,5461.0
F100198,2024-06,70304.2,41304.35,5509.97
F100198,2024-07,73860.87,42362.59,5984.67
F100198,2024-08,71754.47,45445.88,4998.63
F100198,2024-09,66173.16,41285.83,4728.59
F100198,2024-10,46203.5,29276.31,3216.17
F100198,2024-11,45994.67,29097.82,3210.4
F100198,2024-12,75381.39,46370.16,5512.13
F100198,2025-01,67558.96,41340.51,4981.5
F100198,2025-02,53447.52,29416.82,4565.83
F100198,2025-03,64656.89,39376.08,4803.35
F100198,2025-04,47263.22,29302.0,3412.63
F100198,2025-05,57903.47,33516.81,4633.46
F100198,2025-06,49759.21,29902.46,3772.78
F100198,2025-07,51597.28,30550.61,3998.87
F100198,2025-08,41141.77,25621.94,2948.77
F100199,2024-03,31936.92,19244.06,2411.64
F100199,2024-04,31858.57,18227.95,2589.82
F100199,2024-05,40636.39,24951.28,2980.17
F100199,2024-06,41226.33,23389.52,3388.99
F100199,2024-07,40712.47,26651.29,2671.62
F100199,2024-08,45439.2,25294.08,3827.57
F100199,2024-09,33048.53,20134.07,2453.75
F100199,2024-10,32424.31,18635.75,2619.83
F100199,2024-11,40472.61,26134.31,2724.28
F100199,2024-12,36526.08,20912.44,2966.59
F100199,2025-01,34862.04,19584.54,2902.72
F100199,2025-02,33624.83,19556.1,2673.06
F100199,2025-03,34835.9,22946.98,2258.9
F100199,2025-04,26992.48,14934.41,2291.03
F100199,2025-05,43251.11,28548.38,2793.52
F100199,2025-06,27630.67,15225.03,2357.07
F100199,2025-07,27052.35,16944.48,1920.5
F100199,2025-08,32166.68,21029.47,2116.07
F100200,2024-03,52755.34,40688.7,2292.66
F100200,2024-04,62239.19,42871.32,3679.9
F100200,2024-05,60891.81,45791.52,2869.06
F100200,2024-06,58930.52,41168.21,3374.84
F100200,2024-07,67725.94,47119.08,3915.3
F100200,2024-08,69863.12,53495.24,3109.9
F100200,2024-09,57139.31,40053.59,3246.29
F100200,2024-10,57310.24,41276.26,3046.46
F100200,2024-11,55527.01,38459.97,3242.74
F100200,2024-12,64486.8,47668.66,3195.45
F100200,2025-01,53069.96,41461.73,2205.56
F100200,2025-02,66723.66,48710.04,3422.59
F100200,2025-03,49624.79,39053.67,2008.51
F100200,2025-04,61229.5,42672.28,3525.87
F100200,2025-05,60766.47,47149.58,2587.21
F100200,2025-06,50949.18,37294.18,2594.45
F100200,2025-07,54184.16,35906.22,3472.81
F100200,2025-08,61424.43,42042.22,3682.62
F100201,2024-03,53514.14,25527.86,5317.39
F100201,2024-04,68797.82,38867.65,5686.73
F100201,2024-05,69462.02,36917.52,6183.46
F100201,2024-06,78470.45,42033.81,6922.96
F100201,2024-07,72388.35,39402.39,6267.33
F100201,2024-08,49824.08,27673.65,4208.58
F100201,2024-09,59437.03,31030.02,5397.33
F100201,2024-10,75633.28,37747.45,7198.31
F100201,2024-11,65078.51,30726.94,6526.8
F100201,2024-12,65850.27,36883.37,5503.71
F100201,2025-01,60754.32,30381.05,5770.92
F100201,2025-02,57444.02,28716.52,5458.22
F100201,2025-03,52435.44,25713.01,5077.26
F100201,2025-04,58833.62,27774.34,5901.26
F100201,2025-05,51666.24,26555.7,4771.0
F100201,2025-06,57974.45,32014.84,4932.33
F100201,2025-07,54110.71,27794.04,5000.17
F100201,2025-08,54358.43,28845.94,4847.37
F100202,2024-03,39148.62,18572.4,3909.48
F100202,2024-04,45105.83,21978.6,4394.17
F100202,2024-05,46786.17,23118.24,4496.91
F100202,2024-06,41050.0,19311.49,4130.32
F100202,2024-07,50107.83,22946.52,5160.65
F100202,2024-08,47586.01,25009.26,4289.58
F100202,2024-09,50699.76,26905.6,4520.89
F100202,2024-10,47999.0,23534.5,4648.26
F100202,2024-11,42037.09,20541.79,4084.11
F100202,2024-12,40638.49,19979.57,3925.19
F100202,2025-01,38268.19,19780.17,3512.72
F100202,2025-02,44352.3,20411.56,4548.74
F100202,2025-03,37671.25,20575.17,3248.25
F100202,2025-04,44115.98,20372.27,4511.31
F100202,2025-05,37126.94,18632.41,3513.96
F100202,2025-06,37562.58,19437.42,3443.78
F100202,2025-07,38666.36,19194.44,3699.67
F100202,2025-08,40116.12,20427.48,3740.84
F100203,2024-03,38400.57,27740.53,2025.41
F100203,2024-04,40354.07,25694.93,2785.24
F100203,2024-05,41871.76,26918.88,2841.05
F100203,2024-06,41453.08,28723.16,2418.69
F100203,2024-07,56340.52,37002.78,3674.17
F100203,2024-08,51978.76,33405.64,3528.89
F100203,2024-09,56115.0,38885.89,3273.53
F100203,2024-10,56680.84,35089.9,4102.28
F100203,2024-11,49462.61,34540.09,2835.28
F100203,2024-12,44888.62,32392.64,2374.24
F100203,2025-01,42659.66,26921.33,2990.28
F100203,2025-02,49840.62,33385.69,3126.44
F100203,2025-03,43299.56,25830.76,3319.07
F100203,2025-04,38825.74,27981.8,2060.35
F100203,2025-05,40894.52,27534.42,2538.42
F100203,2025-06,36699.22,23492.72,2509.23
F100203,2025-07,38864.61,27005.65,2253.2
F100203,2025-08,44620.03,31284.46,2533.76
F100204,2024-03,46038.25,27820.91,3461.3
F100204,2024-04,54563.53,32440.44,4203.39
F100204,2024-05,53421.03,33427.02,3798.86
F100204,2024-06,59959.16,34642.92,4810.09
F100204,2024-07,61217.3,35230.84,4937.43
F100204,2024-08,77233.77,49462.56,5276.53
F100204,2024-09,58245.34,36113.52,4205.05
F100204,2024-10,57405.02,33171.82,4604.31
F100204,2024-11,48222.78,27550.46,3927.74
F100204,2024-12,57569.77,35294.23,4232.35
F100204,2025-01,53318.0,34472.79,3580.59
F100204,2025-02,42849.01,26062.38,3189.46
F100204,2025-03,32411.71,18358.45,2670.12
F100204,2025-04,52080.93,33722.12,3488.17
F100204,2025-05,47621.04,30704.93,3214.06
F100204,2025-06,48613.14,26924.04,4120.93
F100204,2025-07,52590.77,32534.11,3810.76
F100204,2025-08,56541.35,32859.06,4499.63
F100205,2024-03,55797.39,36575.98,3652.07
F100205,2024-04,50408.99,34461.27,3030.07
F100205,2024-05,54315.49,37168.84,3257.86
F100205,2024-06,66894.27,47251.46,3732.14
F100205,2024-07,58993.38,40359.04,3540.52
F100205,2024-08,80190.67,49892.59,5756.64
F100205,2024-09,60076.55,40523.91,3715.0
F100205,2024-10,60271.61,39203.99,4002.85
F100205,2024-11,43821.87,31228.94,2392.66
F100205,2024-12,75169.61,51528.49,4491.81
F100205,2025-01,53752.53,38351.87,2926.13
F100205,2025-02,49435.22,30812.04,3538.4
F100205,2025-03,51408.3,36404.91,2850.64
F100205,2025-04,30996.99,19061.78,2267.69
F100205,2025-05,42728.21,26357.6,3110.42
F100205,2025-06,54692.78,35068.14,3728.68
F100205,2025-07,45797.4,29034.03,3185.04
F100205,2025-08,64403.07,43450.77,3980.94
F100206,2024-03,38478.73,22374.71,3059.76
F100206,2024-04,36669.15,19953.93,3175.89
F100206,2024-05,31716.87,18187.34,2570.61
F100206,2024-06,44996.96,23966.31,3995.82
F100206,2024-07,45526.08,25084.03,3883.99
F100206,2024-08,39634.98,20970.04,3546.34
F100206,2024-09,39294.62,22006.71,3284.7
F100206,2024-10,41147.99,25069.85,3054.85
F100206,2024-11,41976.65,23551.54,3500.77
F100206,2024-12,36052.83,19660.65,3114.51
F100206,2025-01,30982.78,15771.16,2890.21
F100206,2025-02,31963.8,17188.29,2807.35
F100206,2025-03,34918.9,18599.22,3100.74
F100206,2025-04,36114.75,21020.94,2867.82
F100206,2025-05,31672.14,17266.56,2737.06
F100206,2025-06,29075.41,15963.0,2491.36
F100206,2025-07,31188.16,19086.37,2299.34
F100206,2025-08,32796.1,18272.41,2759.5
F100207,2024-03,30945.06,20240.0,2033.96
F100207,2024-04,35846.67,21888.15,2652.12
F100207,2024-05,37503.32,23185.93,2720.3
F100207,2024-06,38173.88,23867.25,2718.26
F100207,2024-07,53676.14,31961.36,4125.81
F100207,2024-08,34934.94,19947.7,2847.57
F100207,2024-09,38724.86,24083.99,2781.77
F100207,2024-10,44976.43,27873.64,3249.53
F100207,2024-11,33469.87,18812.22,2784.95
F100207,2024-12,42639.22,28515.19,2683.57
F100207,2025-01,37921.9,22711.74,2889.93
F100207,2025-02,40573.62,22732.53,3389.81
F100207,2025-03,32088.09,19105.01,2466.79
F100207,2025-04,30184.38,16724.62,2557.35
F100207,2025-05,40747.14,24680.38,3052.68
F100207,2025-06,26987.68,17669.62,1770.43
F100207,2025-07,28072.27,17605.99,1988.59
F100207,2025-08,42510.5,26282.3,3083.36
F100208,2024-03,50002.31,27244.83,4323.92
F100208,2024-04,57140.27,35269.41,4155.46
F100208,2024-05,58280.87,37974.21,3858.27
F100208,2024-06,57999.68,37651.84,3866.09
F100208,2024-07,49148.45,29716.01,3692.16
F100208,2024-08,56149.18,30433.12,4886.05
F100208,2024-09,56004.33,30551.2,4836.1
F100208,2024-10,53016.18,33840.41,3643.4
F100208,2024-11,56979.24,30944.81,4946.54
F100208,2024-12,60649.87,34005.67,5062.4
F100208,2025-01,51674.21,30920.0,3943.3
F100208,2025-02,48625.67,27520.49,4009.98
F100208,2025-03,43276.47,27648.35,2969.34
F100208,2025-04,47313.09,31103.84,3079.76
F100208,2025-05,57930.81,34781.2,4398.43
F100208,2025-06,49591.98,28029.52,4096.87
F100208,2025-07,64032.35,40604.71,4451.25
F100208,2025-08,49353.76,29393.17,3792.51
F100209,2024-03,44047.18,28600.97,2934.78
F100209,2024-04,68422.8,45313.8,4390.71
F100209,2024-05,46749.91,34803.64,2269.79
F100209,2024-06,74518.11,49278.13,4795.6
F100209,2024-07,60638.83,43203.07,3312.79
F100209,2024-08,60477.96,37613.67,4344.21
F100209,2024-09,75213.58,49118.39,4958.09
F100209,2024-10,60519.46,43424.17,3248.11
F100209,2024-11,58049.93,36347.31,4123.5
F100209,2024-12,44054.67,31236.28,2435.49
F100209,2025-01,55389.06,34938.55,3885.6
F100209,2025-02,61311.24,38455.81,4342.53
F100209,2025-03,59827.33,40111.3,3746.05
F100209,2025-04,50823.97,35999.61,2816.63
F100209,2025-05,56962.54,35870.02,4007.58
F100209,2025-06,48935.46,35562.63,2540.84
F100209,2025-07,52023.77,35022.23,3230.29
F100209,2025-08,54983.94,39585.23,2925.75
F100210,2024-03,42164.5,21493.47,3927.5
F100210,2024-04,43043.72,23982.82,3621.57
F100210,2024-05,45057.88,24627.65,3881.74
F100210,2024-06,43367.73,24580.13,3569.64
F100210,2024-07,41279.13,22786.35,3513.63
F100210,2024-08,44334.35,22828.65,4086.08
F100210,2024-09,48354.5,24709.25,4492.6
F100210,2024-10,38570.59,21186.64,3302.95
F100210,2024-11,39507.94,20902.93,3534.95
F100210,2024-12,39750.32,21576.98,3452.93
F100210,2025-01,37531.73,19132.36,3495.88
F100210,2025-02,27418.23,15888.85,2190.58
F100210,2025-03,32755.06,16557.12,3077.61
F100210,2025-04,41957.67,23131.52,3576.97
F100210,2025-05,36698.55,20748.06,3030.59
F100210,2025-06,41374.41,21483.91,3779.19
F100210,2025-07,42031.0,23562.5,3509.02
F100210,2025-08,42504.89,24664.19,3389.73
F100211,2024-03,57553.51,42414.45,2876.42
F100211,2024-04,54461.01,38866.71,2962.92
F100211,2024-05,59780.09,45493.79,2714.4
F100211,2024-06,57294.12,43704.39,2582.05
F100211,2024-07,58892.09,41179.61,3365.37
F100211,2024-08,57953.49,37453.93,3894.92
F100211,2024-09,56408.41,41522.66,2828.29
F100211,2024-10,59089.24,41109.23,3416.2
F100211,2024-11,63327.76,49176.8,2688.68
F100211,2024-12,57247.97,41020.59,3083.2
F100211,2025-01,56840.67,42191.32,2783.38
F100211,2025-02,46272.01,31685.98,2771.35
F100211,2025-03,52273.01,35348.21,3215.71
F100211,2025-04,51913.39,40588.9,2151.65
F100211,2025-05,51552.52,39726.07,2247.03
F100211,2025-06,56096.61,42496.29,2584.06
F100211,2025-07,56998.26,36924.93,3813.93
F100211,2025-08,53877.16,35498.38,3491.97
F100212,2024-03,26765.71,13888.54,2446.66
F100212,2024-04,31949.79,17626.27,2721.47
F100212,2024-05,33055.14,18260.24,2811.03
F100212,2024-06,37037.51,18686.06,3486.78
F100212,2024-07,31329.68,17010.56,2720.63
F100212,2024-08,30781.92,16586.44,2697.14
F100212,2024-09,32686.09,17117.35,2958.06
F100212,2024-10,32616.87,15314.83,3287.39
F100212,2024-11,30877.67,15414.08,2938.08
F100212,2024-12,35876.69,19539.97,3103.98
F100212,2025-01,24084.38,12724.44,2158.39
F100212,2025-02,21425.5,10863.67,2006.75
F100212,2025-03,27712.82,12735.55,2845.68
F100212,2025-04,20162.98,9190.29,2084.81
F100212,2025-05,20981.92,9807.0,2123.24
F100212,2025-06,26498.13,12247.94,2707.54
F100212,2025-07,26112.63,12116.0,2659.36
F100212,2025-08,29663.57,14312.88,2916.63
F100213,2024-03,26755.45,14365.93,2354.01
F100213,2024-04,33392.15,19080.62,2719.19
F100213,2024-05,31381.68,19838.67,2193.17
F100213,2024-06,30408.41,17399.26,2471.74
F100213,2024-07,35207.45,22024.71,2504.72
F100213,2024-08,43093.63,23802.08,3665.39
F100213,2024-09,32164.56,17734.07,2741.79
F100213,2024-10,28103.46,16461.45,2211.98
F100213,2024-11,37683.49,23818.99,2634.25
F100213,2024-12,29307.37,16672.61,2400.61
F100213,2025-01,33727.97,18997.25,2798.84
F100213,2025-02,33924.29,19511.8,2738.37
F100213,2025-03,28363.85,14956.39,2547.42
F100213,2025-04,31608.19,17985.95,2588.22
F100213,2025-05,37035.3,21433.55,2964.33
F100213,2025-06,43836.57,25180.89,3544.58
F100213,2025-07,31757.63,19709.71,2289.11
F100213,2025-08,33010.02,19903.76,2490.19
F100214,2024-03,29349.36,18658.35,2031.29
F100214,2024-04,35549.46,23951.77,2203.56
F100214,2024-05,32413.59,20538.3,2256.31
F100214,2024-06,33489.68,23652.7,1869.03
F100214,2024-07,38316.01,23569.72,2801.8
F100214,2024-08,34701.06,20755.97,2649.57
F100214,2024-09,37938.63,24958.58,2466.21
F100214,2024-10,37797.77,22380.37,2929.31
F100214,2024-11,30189.02,19466.3,2037.32
F100214,2024-12,31535.87,22051.57,1802.02
F100214,2025-01,27791.53,18052.11,1850.49
F100214,2025-02,28868.4,19350.59,1808.38
F100214,2025-03,27057.86,18732.96,1581.73
F100214,2025-04,27063.22,19087.04,1515.47
F100214,2025-05,31746.75,21881.58,1874.38
F100214,2025-06,28497.01,18427.39,1913.23
F100214,2025-07,33576.48,20612.87,2463.09
F100214,2025-08,32350.81,20278.43,2293.75
F100215,2024-03,50144.5,23064.26,5145.25
F100215,2024-04,45525.11,19951.29,4859.03
F100215,2024-05,46817.54,22461.34,4627.68
F100215,2024-06,66464.26,32091.2,6530.88
F100215,2024-07,56201.55,26684.62,5608.22
F100215,2024-08,70996.32,29981.01,7792.91
F100215,2024-09,62043.05,29639.24,6156.72
F100215,2024-10,62953.94,26153.23,6992.14
F100215,2024-11,50164.04,25203.86,4742.43
F100215,2024-12,55860.13,26897.69,5502.86
F100215,2025-01,64831.31,30214.01,6577.29
F100215,2025-02,39714.97,17358.47,4247.73
F100215,2025-03,39578.6,17147.08,4261.99
F100215,2025-04,46454.91,20729.77,4887.78
F100215,2025-05,50462.34,21684.77,5467.74
F100215,2025-06,49512.55,24871.26,4681.85
F100215,2025-07,50689.51,23773.71,5114.0
F100215,2025-08,37863.28,16394.53,4079.06
F100216,2024-03,41218.09,23817.76,3306.06
F100216,2024-04,37944.13,19819.32,3443.71
F100216,2024-05,35290.24,17890.88,3305.88
F100216,2024-06,30909.44,16897.39,2662.29
F100216,2024-07,40030.88,20895.61,3635.7
F100216,2024-08,43509.65,23045.37,3888.21
F100216,2024-09,34963.39,17706.81,3278.75
F100216,2024-10,37345.54,18755.62,3532.08
F100216,2024-11,40336.86,19759.28,3909.74
F100216,2024-12,33946.28,18405.6,2952.73
F100216,2025-01,32671.41,15906.39,3185.35
F100216,2025-02,34013.12,18556.83,2936.69
F100216,2025-03,30372.44,14850.15,2949.24
F100216,2025-04,36176.11,20720.84,2936.5
F100216,2025-05,34378.26,19685.53,2791.62
F100216,2025-06,32603.86,18446.16,2689.96
F100216,2025-07,30109.74,16128.74,2656.39
F100216,2025-08,37155.52,20609.46,3143.75
F100217,2024-03,25587.36,13159.44,2361.3
F100217,2024-04,34774.06,18106.57,3166.82
F100217,2024-05,36374.0,17244.79,3634.55
F100217,2024-06,26264.41,13205.04,2481.28
F100217,2024-07,42754.95,22188.13,3907.7
F100217,2024-08,37627.29,21063.35,3147.15
F100217,2024-09,31400.24,15015.95,3113.02
F100217,2024-10,35564.1,20417.34,2877.88
F100217,2024-11,38908.77,21620.0,3284.87
F100217,2024-12,23788.83,11516.49,2331.75
F100217,2025-01,24422.17,12398.51,2284.5
F100217,2025-02,37401.25,19419.82,3416.47
F100217,2025-03,33129.49,18696.46,2742.28
F100217,2025-04,26683.32,13167.45,2568.02
F100217,2025-05,30009.55,16733.31,2522.49
F100217,2025-06,34950.2,19145.41,3002.91
F100217,2025-07,32061.77,16546.19,2947.96
F100217,2025-08,27131.47,14190.98,2458.69
F100218,2024-03,40685.54,29369.6,2150.03
F100218,2024-04,38914.17,26285.4,2399.47
F100218,2024-05,39496.92,25099.11,2735.58
F100218,2024-06,54104.18,39899.15,2698.96
F100218,2024-07,60677.37,41688.35,3607.91
F100218,2024-08,50266.91,35795.94,2749.48
F100218,2024-09,36875.38,26653.74,1942.11
F100218,2024-10,39400.09,28046.13,2157.25
F100218,2024-11,34477.33,24725.87,1852.78
F100218,2024-12,42229.58,27510.85,2796.56
F100218,2025-01,33551.55,23396.94,1929.38
F100218,2025-02,35408.8,23509.01,2260.96
F100218,2025-03,34637.47,25937.0,1653.09
F100218,2025-04,46277.83,34348.02,2266.66
F100218,2025-05,37449.69,24663.19,2429.44
F100218,2025-06,36210.35,27138.66,1723.62
F100218,2025-07,32333.71,24849.06,1422.08
F100218,2025-08,36405.79,24190.95,2320.82
F100219,2024-03,69129.88,39131.53,5699.69
F100219,2024-04,70634.16,41195.34,5593.38
F100219,2024-05,70726.0,41678.43,5519.04
F100219,2024-06,75933.11,43692.91,6125.64
F100219,2024-07,83495.15,42340.77,7819.33
F100219,2024-08,59769.29,32893.68,5106.37
F100219,2024-09,81204.31,40777.07,7681.18
F100219,2024-10,76672.84,40512.03,6870.55
F100219,2024-11,73747.72,38490.34,6698.9
F100219,2024-12,66557.4,34821.25,6029.87
F100219,2025-01,54749.53,28702.45,4948.94
F100219,2025-02,57423.56,32164.0,4799.32
F100219,2025-03,52501.74,30698.1,4142.69
F100219,2025-04,57661.78,33158.37,4655.65
F100219,2025-05,59341.02,32269.7,5143.55
F100219,2025-06,55581.31,31128.37,4646.06
F100219,2025-07,70428.17,37962.67,6168.45
F100219,2025-08,59545.61,35166.5,4632.03
F100220,2024-03,68263.09,36406.46,6052.76
F100220,2024-04,67645.64,35531.12,6101.76
F100220,2024-05,58314.79,35387.38,4356.21
F100220,2024-06,55993.48,33466.43,4280.14
F100220,2024-07,76930.72,46265.49,5826.39
F100220,2024-08,57811.73,32906.68,4731.96
F100220,2024-09,54421.66,33562.93,3963.16
F100220,2024-10,41456.81,22073.81,3682.77
F100220,2024-11,66184.33,34052.67,6105.02
F100220,2024-12,61125.98,36006.0,4772.8
F100220,2025-01,55738.55,31811.4,4546.16
F100220,2025-02,50912.13,29603.69,4048.6
F100220,2025-03,49269.52,26581.8,4310.67
F100220,2025-04,40841.18,23724.59,3252.15
F100220,2025-05,64053.45,34991.8,5521.71
F100220,2025-06,55334.34,33521.02,4144.53
F100220,2025-07,61401.32,34490.71,5113.02
F100220,2025-08,66431.02,39610.47,5095.91
F100221,2024-03,39633.83,21989.47,3352.43
F100221,2024-04,37996.04,22103.91,3019.5
F100221,2024-05,37087.69,20041.0,3238.87
F100221,2024-06,44609.42,24504.92,3819.86
F100221,2024-07,35699.4,21243.79,2746.57
F100221,2024-08,45555.63,23855.43,4123.04
F100221,2024-09,39831.25,23213.42,3157.39
F100221,2024-10,48375.83,26556.59,4145.66
F100221,2024-11,37699.33,22148.68,2954.62
F100221,2024-12,34576.82,19511.77,2862.36
F100221,2025-01,40860.68,22826.31,3426.53
F100221,2025-02,34337.23,17514.65,3196.29
F100221,2025-03,43292.11,24648.03,3542.37
F100221,2025-04,38793.74,22506.01,3094.67
F100221,2025-05,41639.02,23514.08,3443.74
F100221,2025-06,34982.17,18123.56,3203.14
F100221,2025-07,38265.42,22332.96,3027.17
F100221,2025-08,36917.16,19625.11,3285.49
F100222,2024-03,38217.37,27568.39,2023.31
F100222,2024-04,27679.8,20724.48,1321.51
F100222,2024-05,27786.23,18594.33,1746.46
F100222,2024-06,40510.15,28836.06,2218.08
F100222,2024-07,33286.5,22422.57,2064.15
F100222,2024-08,34272.25,26337.24,1507.65
F100222,2024-09,33789.11,26581.15,1369.51
F100222,2024-10,30417.78,20356.65,1911.61
F100222,2024-11,37968.51,27593.81,1971.19
F100222,2024-12,24849.68,19287.92,1056.73
F100222,2025-01,26848.54,17391.15,1796.9
F100222,2025-02,22888.28,17937.86,940.58
F100222,2025-03,25788.92,19808.84,1136.22
F100222,2025-04,25491.84,17978.27,1427.58
F100222,2025-05,21027.58,15609.32,1029.47
F100222,2025-06,24093.2,15972.69,1542.9
F100222,2025-07,32488.74,23124.92,1779.13
F100222,2025-08,27719.96,20797.55,1315.26
F100223,2024-03,14361.46,7245.33,1352.06
F100223,2024-04,19433.78,9649.41,1859.03
F100223,2024-05,27026.96,13460.38,2577.65
F100223,2024-06,24565.57,11040.92,2569.68
F100223,2024-07,18643.59,9290.16,1777.15
F100223,2024-08,19620.06,8410.11,2129.89
F100223,2024-09,24973.2,10717.97,2708.49
F100223,2024-10,17658.43,8648.12,1711.96
F100223,2024-11,20831.59,10665.0,1931.65
F100223,2024-12,21392.86,10491.74,2071.21
F100223,2025-01,14817.05,7239.16,1439.8
F100223,2025-02,16588.68,7147.82,1793.76
F100223,2025-03,19975.51,9745.93,1943.62
F100223,2025-04,18972.33,9164.84,1863.42
F100223,2025-05,20052.93,9042.77,2091.93
F100223,2025-06,15810.84,7207.48,1634.64
F100223,2025-07,27569.69,11857.61,2985.29
F100223,2025-08,19199.97,9332.98,1874.73
F100224,2024-03,17814.53,11349.07,1228.44
F100224,2024-04,32990.65,21462.79,2190.29
F100224,2024-05,41472.38,28839.16,2400.31
F100224,2024-06,41412.63,28982.88,2361.65
F100224,2024-07,46638.53,32014.2,2778.62
F100224,2024-08,40311.19,28352.86,2272.08
F100224,2024-09,48024.25,32069.56,3031.39
F100224,2024-10,32572.29,22274.48,1956.59
F100224,2024-11,24405.71,16149.45,1568.69
F100224,2024-12,41675.43,29432.76,2326.11
F100224,2025-01,40203.72,28769.02,2172.59
F100224,2025-02,26922.27,16717.86,1938.84
F100224,2025-03,14868.73,10013.78,922.44
F100224,2025-04,37000.12,25427.19,2198.86
F100224,2025-05,21489.81,13281.49,1559.58
F100224,2025-06,26957.04,18634.83,1581.22
F100224,2025-07,20791.93,13615.61,1363.5
F100224,2025-08,27567.7,17993.86,1819.03
F100225,2024-03,25672.71,16005.45,1836.78
F100225,2024-04,29454.44,18216.49,2135.21
F100225,2024-05,27343.91,16562.14,2048.54
F100225,2024-06,34649.04,22362.24,2334.49
F100225,2024-07,31692.76,20145.21,2194.03
F100225,2024-08,33425.91,20069.52,2537.71
F100225,2024-09,28044.75,18932.95,1731.24
F100225,2024-10,29054.28,17255.46,2241.78
F100225,2024-11,25711.65,16057.88,1834.21
F100225,2024-12,29053.12,20542.74,1616.97
F100225,2025-01,23567.2,16794.0,1286.91
F100225,2025-02,21536.34,14353.57,1364.73
F100225,2025-03,25409.25,15893.62,1807.97
F100225,2025-04,20322.36,11979.32,1585.18
F100225,2025-05,23203.99,15794.0,1407.9
F100225,2025-06,24453.58,14782.55,1837.49
F100225,2025-07,22527.47,14896.87,1449.81
F100225,2025-08,26255.8,17159.41,1728.31
F100226,2024-03,21036.02,10201.37,2058.58
F100226,2024-04,23529.55,11682.42,2250.95
F100226,2024-05,22136.57,10482.05,2214.36
F100226,2024-06,21706.8,12066.11,1831.73
F100226,2024-07,22751.95,12081.67,2027.35
F100226,2024-08,22017.05,11967.98,1909.32
F100226,2024-09,22283.18,11014.34,2141.08
F100226,2024-10,21966.84,12246.74,1846.82
F100226,2024-11,22038.5,11585.8,1986.01
F100226,2024-12,21321.73,11193.82,1924.3
F100226,2025-01,21427.23,11775.85,1833.76
F100226,2025-02,20657.91,10232.81,1980.77
F100226,2025-03,20694.16,9947.54,2041.86
F100226,2025-04,19697.88,9369.04,1962.48
F100226,2025-05,20799.19,10086.6,2035.39
F100226,2025-06,19540.03,11088.91,1605.71
F100226,2025-07,20931.46,10157.25,2047.1
F100226,2025-08,20612.02,10933.96,1838.83
F100227,2024-03,7090.7,4157.93,557.23
F100227,2024-04,8806.83,5007.7,721.84
F100227,2024-05,6476.3,3448.74,575.24
F100227,2024-06,7641.73,4591.12,579.62
F100227,2024-07,6724.01,4032.0,511.48
F100227,2024-08,8077.15,4040.64,766.94
F100227,2024-09,9101.36,5270.13,727.93
F100227,2024-10,6965.98,3806.13,600.37
F100227,2024-11,6532.94,3482.21,579.64
F100227,2024-12,7944.36,4553.94,644.18
F100227,2025-01,5690.43,3138.97,484.78
F100227,2025-02,6809.55,3750.64,581.19
F100227,2025-03,5890.76,3486.64,456.78
F100227,2025-04,6265.82,3707.33,486.11
F100227,2025-05,8687.68,4960.23,708.22
F100227,2025-06,6580.95,3765.88,534.86
F100227,2025-07,6984.93,3661.72,631.41
F100227,2025-08,5933.53,3547.78,453.29
F100228,2024-03,54988.89,37711.78,3282.65
F100228,2024-04,59149.6,40627.58,3519.18
F100228,2024-05,56459.42,42455.13,2660.81
F100228,2024-06,50756.47,35648.54,2870.51
F100228,2024-07,58524.74,45746.05,2427.95
F100228,2024-08,64983.6,48106.81,3206.59
F100228,2024-09,54898.74,40814.57,2675.99
F100228,2024-10,64986.06,43000.87,4177.19
F100228,2024-11,71830.8,55465.95,3109.32
F100228,2024-12,62241.35,50152.06,2296.97
F100228,2025-01,57041.0,42278.09,2804.95
F100228,2025-02,59211.32,46358.2,2442.09
F100228,2025-03,41083.94,27641.31,2554.1
F100228,2025-04,41683.06,29214.28,2369.07
F100228,2025-05,49215.42,36879.23,2343.87
F100228,2025-06,49639.42,34168.07,2939.56
F100228,2025-07,55786.32,42809.94,2465.51
F100228,2025-08,54549.91,39920.29,2779.63
F100229,2024-03,41878.49,25536.22,3105.03
F100229,2024-04,51956.44,32787.86,3642.03
F100229,2024-05,49440.1,34104.99,2913.67
F100229,2024-06,45700.03,25976.62,3747.45
F100229,2024-07,49984.26,34362.25,2968.18
F100229,2024-08,51126.45,32241.62,3588.12
F100229,2024-09,48137.87,28640.02,3704.59
F100229,2024-10,44767.11,28921.33,3010.7
F100229,2024-11,47127.53,32251.9,2826.37
F100229,2024-12,46877.74,29880.83,3229.41
F100229,2025-01,43326.9,28985.08,2724.95
F100229,2025-02,44211.99,28913.52,2906.71
F100229,2025-03,40112.9,23411.25,3173.31
F100229,2025-04,44889.39,31014.37,2636.25
F100229,2025-05,38664.71,23488.63,2883.46
F100229,2025-06,40263.18,27612.24,2403.68
F100229,2025-07,40262.03,27184.0,2484.82
F100229,2025-08,49830.41,31588.83,3465.9
F100230,2024-03,33906.15,18956.73,2840.39
F100230,2024-04,30316.14,16000.54,2719.96
F100230,2024-05,32837.55,19005.8,2628.03
F100230,2024-06,32011.45,17562.73,2745.26
F100230,2024-07,37422.39,21536.68,3018.28
F100230,2024-08,34336.46,18818.64,2948.38
F100230,2024-09,33367.16,18987.77,2732.09
F100230,2024-10,26868.9,15487.55,2162.46
F100230,2024-11,29567.4,15468.6,2678.77
F100230,2024-12,26629.99,13552.68,2484.69
F100230,2025-01,32124.53,16306.02,3005.52
F100230,2025-02,32104.85,16596.81,2946.53
F100230,2025-03,33368.45,18347.84,2853.92
F100230,2025-04,23162.55,12403.98,2044.13
F100230,2025-05,23739.32,12763.4,2085.42
F100230,2025-06,27398.11,14310.96,2486.56
F100230,2025-07,26660.33,13526.15,2495.5
F100230,2025-08,32868.45,19448.79,2549.74
F100231,2024-03,44513.63,27981.87,3141.03
F100231,2024-04,50183.74,34770.52,2928.51
F100231,2024-05,47220.26,32100.95,2872.67
F100231,2024-06,37681.82,27225.05,1986.79
F100231,2024-07,49013.56,30880.95,3445.2
F100231,2024-08,50498.53,34647.01,3011.79
F100231,2024-09,47118.52,29433.86,3360.09
F100231,2024-10,47150.46,31350.85,3001.93
F100231,2024-11,53292.92,39742.04,2574.67
F100231,2024-12,42056.9,29217.14,2439.55
F100231,2025-01,45547.26,30598.68,2840.23
F100231,2025-02,48605.52,32125.09,3131.28
F100231,2025-03,34286.29,23331.04,2081.5
F100231,2025-04,38819.68,27648.1,2122.6
F100231,2025-05,46764.91,32629.33,2685.76
F100231,2025-06,46707.86,33560.78,2497.94
F100231,2025-07,32558.93,22932.34,1829.05
F100231,2025-08,43333.97,26729.8,3154.79
F100232,2024-03,31298.06,22256.41,1717.91
F100232,2024-04,37317.91,23270.57,2668.99
F100232,2024-05,38707.06,26800.0,2262.34
F100232,2024-06,32991.5,23311.11,1839.27
F100232,2024-07,37667.14,25348.81,2340.48
F100232,2024-08,40064.3,28382.78,2219.49
F100232,2024-09,33620.94,20336.69,2524.01
F100232,2024-10,33457.04,22039.73,2169.29
F100232,2024-11,33294.33,22843.75,1985.61
F100232,2024-12,29408.44,19655.3,1853.1
F100232,2025-01,32205.07,19443.1,2424.77
F100232,2025-02,28886.61,20273.15,1636.56
F100232,2025-03,30306.18,18808.56,2184.55
F100232,2025-04,29741.12,19403.16,1964.21
F100232,2025-05,28425.99,16945.16,2181.36
F100232,2025-06,28295.75,17368.24,2076.23
F100232,2025-07,31247.93,18917.94,2342.7
F100232,2025-08,27089.14,16148.57,2078.71
F100233,2024-03,66791.14,39154.92,5250.88
F100233,2024-04,64802.07,41712.8,4386.96
F100233,2024-05,63081.22,33815.23,5560.54
F100233,2024-06,72373.9,41476.51,5870.5
F100233,2024-07,71841.64,42644.28,5547.5
F100233,2024-08,56164.52,34072.28,4197.53
F100233,2024-09,56786.96,34787.16,4179.96
F100233,2024-10,68246.09,39518.33,5458.28
F100233,2024-11,64762.01,41415.85,4435.77
F100233,2024-12,62395.59,39207.13,4405.81
F100233,2025-01,66789.89,42807.37,4556.68
F100233,2025-02,54407.05,32285.19,4203.15
F100233,2025-03,63360.12,39303.34,4570.79
F100233,2025-04,58846.79,35810.73,4376.85
F100233,2025-05,57317.26,32125.63,4786.41
F100233,2025-06,48421.46,26473.45,4170.12
F100233,2025-07,59601.39,33201.63,5015.96
F100233,2025-08,61593.4,38931.36,4305.79
F100234,2024-03,55424.43,34513.0,3973.17
F100234,2024-04,52464.47,32145.37,3860.63
F100234,2024-05,55503.4,35604.2,3780.85
F100234,2024-06,56673.04,33107.27,4477.5
F100234,2024-07,54124.8,30506.85,4487.41
F100234,2024-08,55906.29,29770.77,4965.75
F100234,2024-09,49629.28,30482.84,3637.82
F100234,2024-10,44279.69,26856.01,3310.5
F100234,2024-11,55232.24,29744.04,4842.76
F100234,2024-12,43805.38,27422.03,3112.84
F100234,2025-01,57940.09,34260.5,4499.12
F100234,2025-02,61493.29,35756.86,4889.92
F100234,2025-03,52934.7,33328.52,3725.17
F100234,2025-04,56219.61,34597.67,4108.17
F100234,2025-05,45828.07,29065.89,3184.81
F100234,2025-06,44302.97,23683.14,3917.77
F100234,2025-07,49965.56,29482.06,3891.86
F100234,2025-08,46414.42,28767.08,3352.99
F100235,2024-03,33882.2,21849.58,2286.2
F100235,2024-04,38487.45,27408.11,2105.07
F100235,2024-05,36661.19,23676.5,2467.09
F100235,2024-06,38733.43,23793.27,2838.63
F100235,2024-07,36484.53,23614.56,2445.29
F100235,2024-08,35253.36,25218.46,1906.63
F100235,2024-09,32559.04,20673.24,2258.3
F100235,2024-10,35755.73,21937.43,2625.48
F100235,2024-11,32270.71,22142.68,1924.32
F100235,2024-12,30199.48,21234.34,1703.37
F100235,2025-01,28458.11,17569.47,2068.84
F100235,2025-02,33602.41,24011.28,1822.32
F100235,2025-03,32190.84,21777.26,1978.58
F100235,2025-04,37692.53,24801.51,2449.29
F100235,2025-05,30380.45,21453.81,1696.06
F100235,2025-06,32314.41,21642.11,2027.74
F100235,2025-07,30318.65,22149.47,1552.14
F100235,2025-08,32908.84,22490.72,1979.44
F100236,2024-03,30146.2,15224.38,2835.15
F100236,2024-04,33816.34,17527.51,3094.88
F100236,2024-05,35613.06,15721.0,3779.49
F100236,2024-06,36308.25,18754.52,3335.21
F100236,2024-07,34581.76,17595.93,3227.31
F100236,2024-08,38567.32,20680.48,3398.5
F100236,2024-09,30716.85,16384.64,2723.12
F100236,2024-10,36194.65,16055.35,3826.47
F100236,2024-11,33709.68,17948.98,2994.53
F100236,2024-12,30589.35,14515.97,3053.94
F100236,2025-01,33660.46,17987.35,2977.89
F100236,2025-02,32676.17,14681.58,3418.97
F100236,2025-03,33238.93,14728.26,3517.03
F100236,2025-04,32038.12,14480.43,3335.96
F100236,2025-05,27309.43,12906.23,2736.61
F100236,2025-06,31170.73,16253.63,2834.25
F100236,2025-07,33230.75,15479.44,3372.75
F100236,2025-08,32073.71,16615.57,2937.05
F100237,2024-03,28408.41,15533.87,2446.16
F100237,2024-04,33921.07,21530.04,2354.29
F100237,2024-05,33809.61,19051.2,2804.1
F100237,2024-06,32348.26,17534.11,2814.69
F100237,2024-07,36263.03,19586.09,3168.62
F100237,2024-08,37019.61,23440.27,2580.07
F100237,2024-09,31952.63,20133.1,2245.71
F100237,2024-10,36688.7,23191.76,2564.42
F100237,2024-11,33131.72,17754.21,2921.73
F100237,2024-12,34056.1,21868.07,2315.73
F100237,2025-01,35701.02,22400.33,2527.13
F100237,2025-02,32253.66,18621.1,2590.19
F100237,2025-03,24867.01,15278.04,1821.9
F100237,2025-04,32748.6,20818.59,2266.7
F100237,2025-05,32869.03,17762.99,2870.15
F100237,2025-06,30915.81,18033.36,2447.67
F100237,2025-07,30598.05,17881.46,2416.15
F100237,2025-08,33803.29,18328.07,2940.29
F100238,2024-03,38570.09,20793.28,3377.59
F100238,2024-04,45916.83,25856.2,3811.52
F100238,2024-05,53796.29,27737.91,4951.09
F100238,2024-06,61480.98,31592.0,5678.91
F100238,2024-07,50846.28,27291.58,4475.39
F100238,2024-08,47383.0,26503.71,3967.07
F100238,2024-09,41317.98,22404.84,3593.5
F100238,2024-10,36745.44,18233.42,3517.28
F100238,2024-11,41738.99,24622.57,3252.12
F100238,2024-12,45188.06,23963.57,4032.65
F100238,2025-01,22798.89,11842.55,2081.7
F100238,2025-02,36716.56,18944.49,3376.69
F100238,2025-03,47682.08,24686.52,4369.16
F100238,2025-04,34711.24,17219.29,3323.47
F100238,2025-05,40939.34,20361.16,3909.85
F100238,2025-06,41949.41,22639.32,3668.92
F100238,2025-07,37017.28,20079.8,3218.12
F100238,2025-08,53115.92,28043.8,4763.7
F100239,2024-03,60036.79,27164.73,6245.69
F100239,2024-04,51515.59,24679.67,5098.83
F100239,2024-05,50142.04,25115.89,4754.97
F100239,2024-06,52051.97,24516.08,5231.82
F100239,2024-07,57175.0,30059.91,5151.87
F100239,2024-08,56719.25,28572.26,5347.93
F100239,2024-09,56612.12,29562.14,5139.5
F100239,2024-10,40818.67,21462.19,3677.73
F100239,2024-11,47249.46,21951.21,4806.67
F100239,2024-12,36338.26,19336.55,3230.32
F100239,2025-01,47323.22,23629.35,4501.84
F100239,2025-02,46399.63,22688.0,4505.21
F100239,2025-03,43596.36,21880.91,4125.94
F100239,2025-04,39543.86,20074.1,3699.26
F100239,2025-05,38034.2,20373.32,3355.57
F100239,2025-06,46660.75,24791.33,4155.19
F100239,2025-07,44446.27,20940.05,4466.18
F100239,2025-08,42797.7,20350.8,4264.91
F100240,2024-03,54617.56,24763.26,5672.32
F100240,2024-04,58074.05,25137.23,6258.0
F100240,2024-05,53751.56,23398.76,5767.03
F100240,2024-06,50715.79,21847.76,5484.93
F100240,2024-07,49857.29,20499.95,5577.9
F100240,2024-08,48538.48,21671.28,5104.77
F100240,2024-09,50992.96,24279.87,5075.49
F100240,2024-10,45333.4,19898.76,4832.58
F100240,2024-11,42631.07,18654.31,4555.58
F100240,2024-12,59417.0,27722.55,6021.94
F100240,2025-01,45093.62,19477.77,4867.01
F100240,2025-02,40579.55,18862.35,4126.27
F100240,2025-03,50049.13,20924.42,5533.69
F100240,2025-04,56606.56,27375.46,5553.91
F100240,2025-05,53615.23,25882.84,5269.15
F100240,2025-06,46996.45,22811.78,4595.09
F100240,2025-07,48415.71,21357.45,5141.07
F100240,2025-08,49555.96,23150.54,5017.03
F100241,2024-03,53408.46,27641.14,4895.79
F100241,2024-04,50353.5,26980.59,4440.85
F100241,2024-05,62966.56,36607.98,5008.13
F100241,2024-06,57212.28,29397.8,5284.75
F100241,2024-07,50959.82,24449.2,5037.02
F100241,2024-08,54132.09,26585.84,5233.79
F100241,2024-09,47884.36,24462.25,4450.2
F100241,2024-10,56312.49,32612.15,4503.07
F100241,2024-11,43151.18,21205.57,4169.67
F100241,2024-12,49105.74,26216.53,4348.95
F100241,2025-01,54285.73,31527.3,4324.1
F100241,2025-02,38281.75,19936.85,3485.53
F100241,2025-03,44336.58,24543.62,3760.66
F100241,2025-04,33842.75,16643.68,3267.82
F100241,2025-05,48761.96,25930.07,4338.06
F100241,2025-06,39087.5,19825.53,3659.78
F100241,2025-07,42112.98,23026.58,3626.42
F100241,2025-08,55534.62,30497.22,4757.11
F100242,2024-03,41973.76,25757.11,3081.16
F100242,2024-04,37462.03,21369.25,3057.63
F100242,2024-05,45732.33,24777.38,3981.44
F100242,2024-06,42018.01,24479.41,3332.33
F100242,2024-07,46252.0,26998.99,3658.07
F100242,2024-08,39064.22,23308.3,2993.62
F100242,2024-09,39119.51,22591.73,3140.28
F100242,2024-10,40681.69,22211.07,3509.42
F100242,2024-11,36952.63,19257.27,3362.12
F100242,2024-12,40049.61,22995.68,3240.25
F100242,2025-01,45546.64,26295.12,3657.79
F100242,2025-02,30608.06,17043.62,2577.24
F100242,2025-03,35894.66,20200.06,2981.97
F100242,2025-04,35791.68,21967.83,2626.53
F100242,2025-05,40439.95,22401.65,3427.28
F100242,2025-06,37758.0,20163.46,3342.96
F100242,2025-07,40808.36,23102.15,3364.18
F100242,2025-08,37157.16,19315.54,3389.91
F100243,2024-03,26369.66,14331.11,2287.32
F100243,2024-04,26466.7,14150.92,2340.0
F100243,2024-05,20745.82,11554.35,1746.38
F100243,2024-06,18893.48,10615.89,1572.74
F100243,2024-07,29119.28,16499.32,2397.79
F100243,2024-08,25352.53,14339.39,2092.5
F100243,2024-09,22373.79,12183.57,1936.14
F100243,2024-10,20787.77,11016.07,1856.62
F100243,2024-11,18601.03,9673.15,1696.3
F100243,2024-12,22720.31,12325.59,1975.0
F100243,2025-01,18428.56,10040.85,1593.66
F100243,2025-02,25987.9,14670.48,2150.31
F100243,2025-03,20722.44,12185.0,1622.11
F100243,2025-04,26463.08,15400.66,2101.86
F100243,2025-05,26386.43,16166.16,1941.85
F100243,2025-06,18236.6,10305.09,1506.99
F100243,2025-07,25162.95,14288.13,2066.22
F100243,2025-08,20786.68,12350.09,1602.95
F100244,2024-03,44082.87,32278.01,2242.92
F100244,2024-04,39315.05,30181.3,1735.41
F100244,2024-05,39327.52,29057.37,1951.33
F100244,2024-06,42209.19,28406.28,2622.55
F100244,2024-07,44116.07,30443.45,2597.8
F100244,2024-08,40825.83,30981.84,1870.36
F100244,2024-09,43233.06,32985.42,1947.05
F100244,2024-10,43288.2,28033.88,2898.32
F100244,2024-11,40305.64,28316.12,2278.01
F100244,2024-12,36504.58,23335.08,2502.2
F100244,2025-01,35344.3,23897.51,2174.89
F100244,2025-02,37945.03,29441.41,1615.69
F100244,2025-03,35116.17,22360.26,2423.62
F100244,2025-04,37791.63,26955.05,2058.95
F100244,2025-05,34760.6,26542.99,1561.35
F100244,2025-06,33239.53,22273.8,2083.49
F100244,2025-07,33900.59,22161.51,2230.43
F100244,2025-08,38252.29,29435.78,1675.14
F100245,2024-03,6179.14,4404.62,337.16
F100245,2024-04,4499.46,3313.31,225.37
F100245,2024-05,6047.35,4532.73,287.78
F100245,2024-06,5142.8,3527.15,306.97
F100245,2024-07,6108.9,3843.22,430.48
F100245,2024-08,6038.46,4014.8,384.49
F100245,2024-09,6253.96,4546.03,324.51
F100245,2024-10,5149.31,3381.02,335.97
F100245,2024-11,6519.82,4410.32,400.81
F100245,2024-12,4349.6,3207.94,216.92
F100245,2025-01,7446.1,4819.96,498.97
F100245,2025-02,6910.45,4992.61,364.39
F100245,2025-03,5953.97,4267.16,320.49
F100245,2025-04,4824.34,3157.66,316.67
F100245,2025-05,6264.95,4200.84,392.18
F100245,2025-06,4228.18,3099.5,214.45
F100245,2025-07,5308.81,3448.65,353.43
F100245,2025-08,5879.74,4393.73,282.34
F100246,2024-03,35980.5,22006.43,2655.07
F100246,2024-04,35574.39,19752.89,3006.09
F100246,2024-05,33604.32,20906.89,2412.51
F100246,2024-06,35986.37,21815.1,2692.54
F100246,2024-07,37600.25,24329.45,2521.45
F100246,2024-08,33919.8,18708.39,2890.17
F100246,2024-09,39114.22,21797.8,3290.12
F100246,2024-10,37498.74,23433.07,2672.48
F100246,2024-11,34362.23,21392.76,2464.2
F100246,2024-12,38088.42,20899.05,3265.98
F100246,2025-01,32443.69,18416.26,2665.21
F100246,2025-02,32416.92,20564.8,2251.9
F100246,2025-03,33631.64,18919.54,2795.3
F100246,2025-04,30833.88,16649.34,2695.06
F100246,2025-05,28933.54,17163.24,2236.36
F100246,2025-06,29732.42,16238.7,2563.81
F100246,2025-07,37274.65,21020.14,3088.36
F100246,2025-08,35438.82,21505.13,2647.4
F100247,2024-03,48732.36,28719.49,3802.45
F100247,2024-04,45735.48,27353.68,3492.54
F100247,2024-05,66549.97,42220.43,4622.61
F100247,2024-06,46815.35,31763.09,2859.93
F100247,2024-07,66598.75,45272.02,4052.08
F100247,2024-08,52991.03,30742.38,4227.24
F100247,2024-09,59554.18,37611.4,4169.13
F100247,2024-10,62537.21,38208.37,4622.48
F100247,2024-11,47165.92,32080.33,2866.26
F100247,2024-12,47836.6,27534.91,3857.32
F100247,2025-01,52021.84,35196.75,3196.77
F100247,2025-02,52473.86,34166.58,3478.38
F100247,2025-03,54314.69,37607.71,3174.33
F100247,2025-04,48095.39,33092.14,2850.62
F100247,2025-05,50280.74,32727.87,3335.04
F100247,2025-06,50017.7,30422.92,3723.01
F100247,2025-07,50882.74,30537.75,3865.55
F100247,2025-08,50535.17,31697.53,3579.15
F100248,2024-03,30710.3,14794.06,3024.08
F100248,2024-04,35398.77,15337.98,3811.55
F100248,2024-05,35236.22,15137.92,3818.68
F100248,2024-06,36468.11,17129.24,3674.38
F100248,2024-07,36630.48,15772.34,3963.05
F100248,2024-08,36470.52,16014.96,3886.56
F100248,2024-09,35938.07,16685.41,3658.01
F100248,2024-10,36319.08,18818.92,3325.03
F100248,2024-11,32326.98,13972.37,3487.38
F100248,2024-12,34453.19,17656.01,3191.46
F100248,2025-01,30040.13,15179.83,2823.46
F100248,2025-02,27835.72,14538.76,2526.42
F100248,2025-03,27450.58,12643.3,2813.38
F100248,2025-04,30265.02,13669.75,3153.1
F100248,2025-05,31186.97,15245.4,3028.9
F100248,2025-06,30723.38,14944.66,2997.96
F100248,2025-07,31429.53,15047.84,3112.52
F100248,2025-08,31059.31,14308.52,3182.65
F100249,2024-03,41552.9,29863.19,2221.05
F100249,2024-04,41607.91,31080.77,2000.16
F100249,2024-05,45796.09,33688.91,2300.36
F100249,2024-06,49832.53,31305.64,3520.11
F100249,2024-07,50647.5,37285.6,2538.76
F100249,2024-08,52197.8,39250.98,2459.9
F100249,2024-09,51912.36,39276.27,2400.86
F100249,2024-10,50653.5,32231.18,3500.24
F100249,2024-11,46181.76,34856.42,2151.81
F100249,2024-12,38292.58,24204.62,2676.71
F100249,2025-01,43010.16,30992.27,2283.4
F100249,2025-02,40886.44,29648.93,2135.13
F100249,2025-03,40320.76,27661.13,2405.33
F100249,2025-04,40346.68,26952.79,2544.84
F100249,2025-05,29251.48,21458.73,1480.62
F100249,2025-06,42351.26,30109.67,2325.9
F100249,2025-07,39170.9,26795.15,2351.39
F100249,2025-08,38593.96,25189.52,2546.84
F100250,2024-03,68415.6,33778.32,6581.08
F100250,2024-04,75913.75,34967.01,7779.88
F100250,2024-05,89299.85,38337.29,9682.89
F100250,2024-06,71905.64,35668.04,6885.15
F100250,2024-07,69749.67,29775.19,7595.15
F100250,2024-08,75460.44,36153.34,7468.35
F100250,2024-09,71390.61,34267.71,7053.35
F100250,2024-10,79216.74,37468.54,7932.16
F100250,2024-11,48748.39,24059.66,4690.86
F100250,2024-12,57556.13,26956.98,5813.84
F100250,2025-01,79300.12,35951.92,8236.16
F100250,2025-02,49808.76,21945.93,5293.94
F100250,2025-03,58034.29,27632.06,5776.42
F100250,2025-04,66728.26,28785.68,7209.09
F100250,2025-05,53877.6,22358.97,5988.54
F100250,2025-06,58272.61,26038.78,6124.43
F100250,2025-07,52583.64,25608.49,5125.28
F100250,2025-08,70431.88,33631.88,6992.0
F100251,2024-03,33659.64,21977.73,2219.56
F100251,2024-04,30275.52,18518.77,2233.78
F100251,2024-05,26346.66,19420.48,1315.98
F100251,2024-06,37010.98,25307.76,2223.61
F100251,2024-07,33394.66,23935.74,1797.19
F100251,2024-08,29055.45,18153.51,2071.37
F100251,2024-09,32510.34,20994.78,2187.96
F100251,2024-10,32216.51,23098.05,1732.51
F100251,2024-11,24679.54,17331.61,1396.11
F100251,2024-12,38611.39,24407.64,2698.71
F100251,2025-01,29600.89,20178.1,1790.33
F100251,2025-02,27845.11,17172.48,2027.8
F100251,2025-03,26827.24,17823.68,1710.68
F100251,2025-04,31943.95,23619.24,1581.7
F100251,2025-05,26110.43,16910.51,1747.98
F100251,2025-06,31576.7,22703.84,1685.84
F100251,2025-07,31801.24,22171.39,1829.67
F100251,2025-08,24293.19,17122.09,1362.51
F100252,2024-03,43541.77,18349.63,4786.51
F100252,2024-04,38129.36,19100.2,3615.54
F100252,2024-05,37119.24,16307.24,3954.28
F100252,2024-06,46144.4,23304.81,4339.52
F100252,2024-07,35299.85,16923.52,3491.5
F100252,2024-08,49866.43,21446.35,5399.82
F100252,2024-09,37546.75,16748.88,3951.6
F100252,2024-10,28042.91,12642.3,2926.11
F100252,2024-11,51525.53,21751.77,5657.01
F100252,2024-12,44546.35,19151.98,4824.93
F100252,2025-01,35769.13,15951.77,3765.3
F100252,2025-02,47673.24,22152.73,4848.9
F100252,2025-03,56673.08,24764.88,6062.56
F100252,2025-04,26816.97,11854.92,2842.79
F100252,2025-05,40377.62,20062.66,3859.84
F100252,2025-06,23274.98,10734.57,2382.68
F100252,2025-07,38650.92,17456.67,4026.91
F100252,2025-08,41809.62,18484.57,4431.76
F100253,2024-03,57943.63,32483.42,4837.44
F100253,2024-04,48793.7,30339.47,3506.3
F100253,2024-05,53889.97,31456.46,4262.37
F100253,2024-06,55076.91,32391.9,4310.15
F100253,2024-07,52920.05,32734.14,3835.32
F100253,2024-08,49643.45,30628.09,3612.92
F100253,2024-09,56256.74,33887.24,4250.21
F100253,2024-10,59115.38,31935.71,5164.14
F100253,2024-11,59492.44,35556.06,4547.91
F100253,2024-12,58865.55,35736.36,4394.55
F100253,2025-01,48568.0,27059.79,4086.56
F100253,2025-02,43164.92,26244.13,3214.95
F100253,2025-03,44471.4,26981.57,3323.07
F100253,2025-04,36937.53,23119.54,2625.42
F100253,2025-05,53790.17,34933.0,3582.86
F100253,2025-06,56251.58,31301.07,4740.6
F100253,2025-07,47211.25,29937.34,3282.04
F100253,2025-08,57655.98,33252.92,4636.58
F100254,2024-03,30620.51,19784.48,2058.85
F100254,2024-04,31128.5,21881.79,1756.88
F100254,2024-05,35307.82,26923.82,1592.96
F100254,2024-06,34182.91,26557.64,1448.8
F100254,2024-07,34531.85,23607.71,2075.59
F100254,2024-08,34504.52,26316.7,1555.69
F100254,2024-09,36019.04,23405.77,2396.52
F100254,2024-10,33741.93,23376.52,1969.43
F100254,2024-11,32549.81,21873.72,2028.46
F100254,2024-12,30307.92,21434.01,1686.04
F100254,2025-01,27346.2,19339.03,1521.36
F100254,2025-02,27808.16,18290.23,1808.41
F100254,2025-03,26129.67,18876.95,1378.02
F100254,2025-04,25262.56,16960.34,1577.42
F100254,2025-05,26839.67,19379.16,1417.5
F100254,2025-06,26557.33,18861.11,1462.28
F100254,2025-07,27520.12,20257.24,1379.95
F100254,2025-08,30117.14,20962.31,1739.42
F100255,2024-03,17986.81,7988.38,1899.7
F100255,2024-04,17896.08,7911.49,1897.07
F100255,2024-05,30993.59,13980.49,3232.49
F100255,2024-06,17628.97,8916.24,1655.42
F100255,2024-07,21795.76,11153.25,2022.08
F100255,2024-08,17560.19,8116.45,1794.31
F100255,2024-09,29412.41,14821.07,2772.36
F100255,2024-10,21748.33,10511.8,2134.94
F100255,2024-11,22741.76,11705.09,2096.97
F100255,2024-12,19260.11,10160.73,1728.88
F100255,2025-01,18172.33,9034.07,1736.27
F100255,2025-02,12494.33,5523.78,1324.4
F100255,2025-03,14940.27,7813.05,1354.17
F100255,2025-04,16266.18,8257.75,1521.6
F100255,2025-05,17373.57,8688.71,1650.12
F100255,2025-06,16529.01,8250.42,1572.93
F100255,2025-07,12047.86,5528.58,1238.66
F100255,2025-08,18272.76,8974.9,1766.59
F100256,2024-03,66535.85,44644.94,4159.27
F100256,2024-04,61526.66,36442.67,4765.96
F100256,2024-05,63818.07,40347.63,4459.38
F100256,2024-06,61253.42,38435.72,4335.36
F100256,2024-07,81099.86,53119.69,5316.23
F100256,2024-08,69300.35,45108.66,4596.42
F100256,2024-09,59120.34,36729.33,4254.29
F100256,2024-10,67132.69,47531.27,3724.27
F100256,2024-11,50890.59,34059.37,3197.93
F100256,2024-12,45939.43,28706.6,3274.24
F100256,2025-01,67591.8,41097.45,5033.93
F100256,2025-02,62411.29,37301.2,4770.92
F100256,2025-03,47201.25,32229.13,2844.7
F100256,2025-04,59389.61,41298.14,3437.38
F100256,2025-05,73772.86,49292.12,4651.34
F100256,2025-06,62934.09,38101.01,4718.29
F100256,2025-07,63095.14,41176.15,4164.61
F100256,2025-08,32087.36,21132.36,2081.45
F100257,2024-03,39004.82,22617.37,3113.62
F100257,2024-04,38459.57,26099.96,2348.33
F100257,2024-05,41992.14,28175.8,2625.11
F100257,2024-06,36792.68,22669.83,2683.34
F100257,2024-07,40306.03,27082.12,2512.54
F100257,2024-08,44750.61,29486.34,2900.21
F100257,2024-09,47293.56,28396.47,3590.45
F100257,2024-10,45260.77,26006.6,3658.29
F100257,2024-11,44691.16,26982.65,3364.62
F100257,2024-12,43555.49,27526.05,3045.59
F100257,2025-01,47392.79,29371.15,3424.11
F100257,2025-02,44008.71,29071.33,2838.1
F100257,2025-03,32070.47,20751.89,2150.53
F100257,2025-04,43403.93,24273.9,3634.71
F100257,2025-05,30914.43,18763.61,2308.66
F100257,2025-06,46558.56,27954.67,3534.74
F100257,2025-07,44863.53,27348.41,3327.87
F100257,2025-08,60148.69,39677.01,3889.62
F100258,2024-03,50283.54,35507.48,2807.45
F100258,2024-04,46221.07,33256.25,2463.32
F100258,2024-05,50061.43,35443.34,2777.44
F100258,2024-06,54500.13,34736.11,3755.16
F100258,2024-07,51642.9,33917.53,3367.82
F100258,2024-08,57444.38,41631.47,3004.45
F100258,2024-09,51253.32,33107.22,3447.76
F100258,2024-10,52792.7,35880.85,3213.25
F100258,2024-11,54268.11,34720.04,3714.13
F100258,2024-12,52653.15,37085.99,2957.76
F100258,2025-01,45458.27,31123.56,2723.6
F100258,2025-02,50498.07,34126.78,3110.54
F100258,2025-03,39814.58,25915.29,2640.87
F100258,2025-04,46403.49,30634.58,2996.09
F100258,2025-05,42203.25,31181.07,2094.21
F100258,2025-06,49278.73,35712.09,2577.66
F100258,2025-07,44137.19,29556.58,2770.32
F100258,2025-08,45292.56,28415.19,3206.7
F100259,2024-03,53382.19,38446.08,2837.86
F100259,2024-04,56454.23,34574.45,4157.16
F100259,2024-05,60317.07,40807.14,3706.89
F100259,2024-06,62594.86,45703.23,3209.41
F100259,2024-07,59530.01,39878.89,3733.71
F100259,2024-08,64543.63,42622.0,4165.11
F100259,2024-09,59701.01,37293.9,4257.35
F100259,2024-10,69340.2,43396.61,4929.28
F100259,2024-11,58464.03,41057.27,3307.28
F100259,2024-12,48817.88,33438.65,2922.05
F100259,2025-01,59267.72,42649.55,3157.45
F100259,2025-02,46671.96,30728.05,3029.34
F100259,2025-03,59180.56,41454.15,3368.02
F100259,2025-04,44815.2,30622.34,2696.64
F100259,2025-05,42281.28,30545.29,2229.84
F100259,2025-06,63331.0,41404.26,4166.08
F100259,2025-07,44567.84,27946.12,3158.13
F100259,2025-08,47658.75,30360.87,3286.6
F100260,2024-03,43476.83,20256.31,4411.9
F100260,2024-04,46365.35,22381.36,4556.96
F100260,2024-05,46922.34,19898.35,5134.56
F100260,2024-06,48291.19,21585.11,5074.15
F100260,2024-07,49328.22,22000.47,5192.27
F100260,2024-08,49752.98,20668.66,5526.02
F100260,2024-09,49063.82,22623.72,5023.62
F100260,2024-10,47378.34,23591.22,4519.55
F100260,2024-11,46317.41,22677.09,4491.66
F100260,2024-12,44059.89,22036.48,4184.45
F100260,2025-01,42138.1,18440.72,4502.5
F100260,2025-02,41011.15,18457.73,4285.15
F100260,2025-03,39475.83,18839.08,3920.98
F100260,2025-04,38565.64,17217.01,4056.24
F100260,2025-05,39221.29,16310.62,4353.03
F100260,2025-06,39523.85,16900.78,4298.38
F100260,2025-07,41172.66,18958.42,4220.71
F100260,2025-08,41769.05,20877.72,3969.35
F100261,2024-03,49178.91,32604.83,3149.07
F100261,2024-04,55804.82,36119.86,3740.14
F100261,2024-05,59229.47,40818.32,3498.12
F100261,2024-06,51999.4,35806.49,3076.65
F100261,2024-07,54309.79,34060.57,3847.35
F100261,2024-08,52648.04,35875.82,3186.72
F100261,2024-09,49554.98,30542.53,3612.36
F100261,2024-10,67316.72,47680.09,3730.96
F100261,2024-11,56432.41,37869.13,3527.02
F100261,2024-12,61895.68,40988.45,3972.37
F100261,2025-01,36476.78,23834.94,2401.95
F100261,2025-02,51848.07,36608.34,2895.55
F100261,2025-03,48368.68,30130.26,3465.3
F100261,2025-04,48246.44,32415.14,3007.95
F100261,2025-05,45766.64,30608.39,2880.07
F100261,2025-06,42792.14,26971.23,3005.97
F100261,2025-07,53200.63,37556.19,2972.44
F100261,2025-08,50031.48,33658.8,3110.81
F100262,2024-03,34328.96,16937.58,3304.36
F100262,2024-04,37442.29,20993.07,3125.35
F100262,2024-05,41433.38,22272.07,3640.65
F100262,2024-06,43125.04,24617.23,3516.48
F100262,2024-07,43965.04,21516.02,4265.31
F100262,2024-08,38507.37,18948.04,3716.27
F100262,2024-09,42398.58,22052.59,3865.74
F100262,2024-10,41142.0,19814.09,4052.3
F100262,2024-11,34449.34,18949.59,2944.95
F100262,2024-12,39775.44,20074.56,3743.17
F100262,2025-01,35914.98,20284.73,2969.75
F100262,2025-02,36079.27,17853.1,3462.97
F100262,2025-03,35143.55,18719.17,3120.63
F100262,2025-04,33616.19,17616.52,3039.94
F100262,2025-05,32368.31,16519.76,3011.22
F100262,2025-06,36313.23,18846.76,3318.63
F100262,2025-07,35699.49,19361.13,3104.29
F100262,2025-08,26826.66,14198.17,2399.41
F100263,2024-03,42459.57,30010.66,2365.29
F100263,2024-04,50059.3,34581.7,2940.74
F100263,2024-05,48368.9,37345.14,2094.52
F100263,2024-06,48911.77,34611.15,2717.12
F100263,2024-07,42912.3,34491.74,1599.91
F100263,2024-08,54910.59,38237.91,3167.81
F100263,2024-09,50825.81,38070.54,2423.5
F100263,2024-10,54923.86,41915.21,2471.64
F100263,2024-11,43692.56,32194.6,2184.61
F100263,2024-12,50494.12,37405.95,2486.75
F100263,2025-01,45741.35,33016.91,2417.64
F100263,2025-02,35987.83,24312.23,2218.36
F100263,2025-03,33303.81,26476.71,1297.15
F100263,2025-04,33028.92,24917.08,1541.25
F100263,2025-05,34174.6,25834.97,1584.53
F100263,2025-06,41730.64,29930.74,2241.98
F100263,2025-07,43586.45,29641.39,2649.56
F100263,2025-08,37399.97,28749.17,1643.65
F100264,2024-03,39632.93,27717.23,2263.98
F100264,2024-04,49722.06,36795.09,2456.13
F100264,2024-05,42029.17,32145.97,1877.81
F100264,2024-06,38099.75,26634.35,2178.43
F100264,2024-07,38098.75,27942.19,1929.75
F100264,2024-08,44622.69,31968.26,2404.34
F100264,2024-09,45087.4,32002.88,2486.06
F100264,2024-10,44569.16,33387.38,2124.54
F100264,2024-11,44110.93,33963.99,1927.92
F100264,2024-12,47111.49,33628.07,2561.85
F100264,2025-01,38587.25,29148.45,1793.37
F100264,2025-02,34703.42,26075.21,1639.36
F100264,2025-03,33524.78,26747.71,1287.64
F100264,2025-04,27530.14,20672.75,1302.9
F100264,2025-05,30785.0,23536.53,1377.21
F100264,2025-06,33939.46,23930.43,1901.72
F100264,2025-07,37658.28,28943.91,1655.73
F100264,2025-08,39373.88,26544.96,2437.5
F100265,2024-03,37984.14,18402.19,3720.57
F100265,2024-04,40566.14,19978.2,3911.71
F100265,2024-05,40313.91,21144.25,3642.24
F100265,2024-06,35215.66,19096.31,3062.68
F100265,2024-07,35619.95,19426.07,3076.84
F100265,2024-08,32394.94,16381.14,3042.62
F100265,2024-09,36902.25,18261.09,3541.82
F100265,2024-10,30310.71,15726.35,2771.03
F100265,2024-11,30832.59,15526.4,2908.17
F100265,2024-12,30398.77,15098.41,2907.07
F100265,2025-01,26626.12,13797.02,2437.53
F100265,2025-02,37467.8,18717.25,3562.61
F100265,2025-03,32898.35,16509.44,3113.89
F100265,2025-04,37469.79,19514.09,3411.58
F100265,2025-05,25724.87,12837.7,2448.56
F100265,2025-06,36261.8,17476.72,3569.17
F100265,2025-07,27006.18,14201.19,2432.95
F100265,2025-08,27361.46,14486.49,2446.24
F100266,2024-03,58968.47,48087.53,2067.38
F100266,2024-04,38907.36,30393.26,1617.68
F100266,2024-05,58859.77,46971.4,2258.79
F100266,2024-06,62908.29,46153.34,3183.44
F100266,2024-07,57285.37,39147.02,3446.29
F100266,2024-08,57744.26,44508.16,2514.86
F100266,2024-09,47151.82,32706.64,2744.58
F100266,2024-10,58541.15,41735.51,3193.07
F100266,2024-11,47561.75,35212.14,2346.43
F100266,2024-12,55454.03,40666.28,2809.67
F100266,2025-01,55761.73,42314.08,2555.05
F100266,2025-02,52840.28,40605.2,2324.67
F100266,2025-03,36295.95,29110.49,1365.24
F100266,2025-04,46880.7,34625.27,2328.53
F100266,2025-05,35633.71,26604.39,1715.57
F100266,2025-06,41852.13,31853.17,1899.8
F100266,2025-07,47360.96,31820.52,2952.68
F100266,2025-08,47681.77,36178.12,2185.69
F100267,2024-03,58574.4,39835.52,3560.39
F100267,2024-04,55168.1,37969.71,3267.69
F100267,2024-05,51818.77,30805.79,3992.47
F100267,2024-06,56010.17,33391.66,4297.52
F100267,2024-07,57176.72,39007.27,3452.2
F100267,2024-08,60197.13,39844.23,3867.05
F100267,2024-09,57741.32,35019.23,4317.2
F100267,2024-10,50455.62,34476.6,3036.01
F100267,2024-11,54134.27,30995.74,4396.32
F100267,2024-12,49711.05,34000.16,2985.07
F100267,2025-01,45980.72,29687.92,3095.63
F100267,2025-02,46037.62,26992.23,3618.62
F100267,2025-03,46190.54,31677.36,2757.51
F100267,2025-04,42375.52,28751.86,2588.5
F100267,2025-05,45149.37,26216.22,3597.3
F100267,2025-06,52173.56,34236.62,3408.02
F100267,2025-07,38018.51,24954.89,2482.09
F100267,2025-08,50365.12,29997.97,3869.76
F100268,2024-03,32646.82,17128.49,2948.48
F100268,2024-04,40851.09,21536.54,3669.76
F100268,2024-05,28666.21,14609.69,2670.74
F100268,2024-06,35905.4,17768.7,3445.97
F100268,2024-07,31186.71,14645.78,3142.78
F100268,2024-08,37707.67,19337.23,3490.38
F100268,2024-09,35025.57,16499.79,3519.9
F100268,2024-10,36257.22,18323.18,3407.47
F100268,2024-11,39989.4,20010.51,3795.99
F100268,2024-12,28394.37,13356.03,2857.28
F100268,2025-01,28576.18,15309.43,2520.68
F100268,2025-02,30890.32,14757.97,3065.15
F100268,2025-03,29146.32,16141.97,2470.83
F100268,2025-04,29137.1,14674.86,2747.82
F100268,2025-05,36719.57,19455.35,3280.2
F100268,2025-06,33485.32,17181.14,3097.79
F100268,2025-07,34126.51,17464.64,3165.75
F100268,2025-08,33169.94,16371.42,3191.72
F100269,2024-03,28182.7,21174.16,1331.62
F100269,2024-04,27101.09,17700.66,1786.08
F100269,2024-05,29640.24,21960.69,1459.12
F100269,2024-06,30401.72,23599.25,1292.47
F100269,2024-07,26537.11,17891.19,1642.73
F100269,2024-08,37827.11,29120.63,1654.23
F100269,2024-09,29607.54,22222.25,1403.2
F100269,2024-10,22102.18,14898.73,1368.65
F100269,2024-11,31834.54,22543.37,1765.32
F100269,2024-12,28526.53,20047.51,1611.01
F100269,2025-01,28031.0,20338.74,1461.53
F100269,2025-02,21853.73,16855.83,949.6
F100269,2025-03,19067.94,12403.25,1266.29
F100269,2025-04,26199.19,16905.26,1765.85
F100269,2025-05,20206.92,14867.78,1014.44
F100269,2025-06,18983.49,12979.49,1140.76
F100269,2025-07,23306.07,16278.14,1335.31
F100269,2025-08,27363.4,20354.14,1331.76
F100270,2024-03,28994.41,21503.95,1423.19
F100270,2024-04,39695.17,25763.75,2646.97
F100270,2024-05,34799.26,22852.32,2269.92
F100270,2024-06,31346.88,22688.83,1645.03
F100270,2024-07,35040.39,24455.01,2011.22
F100270,2024-08,39645.27,25970.76,2598.16
F100270,2024-09,37824.55,29324.42,1615.02
F100270,2024-10,32818.46,24282.33,1621.86
F100270,2024-11,34385.9,25089.22,1766.37
F100270,2024-12,36163.19,27367.27,1671.22
F100270,2025-01,37931.32,25191.26,2420.61
F100270,2025-02,30334.32,21849.04,1612.2
F100270,2025-03,23704.72,17655.5,1149.35
F100270,2025-04,29664.69,20429.18,1754.75
F100270,2025-05,31063.91,21180.83,1877.78
F100270,2025-06,32588.24,22092.82,1994.13
F100270,2025-07,28756.36,21041.34,1465.85
F100270,2025-08,32803.41,25025.69,1477.77
F100271,2024-03,54196.85,40783.28,2548.58
F100271,2024-04,46012.67,35067.74,2079.54
F100271,2024-05,42509.57,27744.97,2805.27
F100271,2024-06,46474.37,33925.75,2384.24
F100271,2024-07,56564.16,42708.53,2632.57
F100271,2024-08,43615.53,33283.43,1963.1
F100271,2024-09,68646.39,47667.17,3986.05
F100271,2024-10,39261.16,29869.73,1784.37
F100271,2024-11,38861.89,28608.44,1948.15
F100271,2024-12,54064.25,37711.14,3107.09
F100271,2025-01,24399.9,16539.59,1493.46
F100271,2025-02,36446.98,27824.63,1638.25
F100271,2025-03,38846.7,25631.25,2510.94
F100271,2025-04,58735.34,39381.07,3677.31
F100271,2025-05,42628.41,32094.08,2001.52
F100271,2025-06,41107.33,26411.46,2792.21
F100271,2025-07,39449.17,27882.09,2197.75
F100271,2025-08,33678.08,24736.88,1698.83
F100272,2024-03,47274.01,21662.98,4866.1
F100272,2024-04,34351.83,16015.23,3483.95
F100272,2024-05,51921.69,24085.7,5288.84
F100272,2024-06,53141.67,26438.61,5073.58
F100272,2024-07,47286.81,24464.22,4336.29
F100272,2024-08,47556.06,22462.02,4767.87
F100272,2024-09,46441.08,25056.64,4063.04
F100272,2024-10,42171.24,22077.07,3817.89
F100272,2024-11,44498.59,21557.97,4358.72
F100272,2024-12,39622.45,19109.14,3897.53
F100272,2025-01,43174.88,21093.33,4195.49
F100272,2025-02,47135.31,22720.14,4638.88
F100272,2025-03,40316.04,21872.14,3504.34
F100272,2025-04,29758.85,14972.69,2809.37
F100272,2025-05,38982.28,20214.52,3565.88
F100272,2025-06,43310.46,20051.95,4419.12
F100272,2025-07,39237.5,20905.1,3483.16
F100272,2025-08,38013.68,19479.49,3521.5
F100273,2024-03,38769.2,25844.66,2455.66
F100273,2024-04,45764.41,29596.94,3071.82
F100273,2024-05,44370.21,27128.12,3276.0
F100273,2024-06,39968.28,26352.54,2586.99
F100273,2024-07,47536.42,29505.68,3425.84
F100273,2024-08,45471.95,30718.92,2803.08
F100273,2024-09,44478.77,30216.48,2709.84
F100273,2024-10,52999.11,35991.07,3231.53
F100273,2024-11,47447.53,27439.31,3801.56
F100273,2024-12,41029.12,25536.16,2943.66
F100273,2025-01,40911.98,23844.19,3242.88
F100273,2025-02,32094.21,21532.46,2006.73
F100273,2025-03,49969.71,32780.62,3265.93
F100273,2025-04,37920.97,22084.4,3008.95
F100273,2025-05,46292.65,31017.01,2902.37
F100273,2025-06,39901.71,27170.38,2418.95
F100273,2025-07,45034.69,27826.83,3269.49
F100273,2025-08,42070.4,24869.04,3268.26
F100274,2024-03,30933.82,21053.64,1877.23
F100274,2024-04,34490.86,21419.35,2483.59
F100274,2024-05,29652.27,18387.14,2140.37
F100274,2024-06,31777.29,23810.2,1513.75
F100274,2024-07,35381.17,25722.26,1835.19
F100274,2024-08,38050.79,25957.19,2297.78
F100274,2024-09,28732.31,18557.29,1933.25
F100274,2024-10,36229.73,26524.09,1844.07
F100274,2024-11,27573.85,18882.13,1651.43
F100274,2024-12,37233.83,25201.23,2286.19
F100274,2025-01,27466.58,18368.55,1728.63
F100274,2025-02,26667.25,17499.11,1741.95
F100274,2025-03,27036.25,19054.3,1516.57
F100274,2025-04,26474.12,18386.44,1536.66
F100274,2025-05,34156.58,22874.34,2143.63
F100274,2025-06,33357.31,21002.97,2347.32
F100274,2025-07,32531.1,22526.38,1900.9
F100274,2025-08,40365.62,28024.65,2344.79
F100275,2024-03,32391.54,16885.76,2946.1
F100275,2024-04,33852.45,20310.88,2572.9
F100275,2024-05,36345.39,21423.11,2835.23
F100275,2024-06,37878.92,21438.65,3123.65
F100275,2024-07,40282.17,22178.31,3439.73
F100275,2024-08,39923.59,22587.91,3293.78
F100275,2024-09,36836.51,21568.66,2900.89
F100275,2024-10,37230.62,20391.06,3199.52
F100275,2024-11,34611.45,20417.87,2696.78
F100275,2024-12,32967.6,18101.12,2824.63
F100275,2025-01,29992.24,16014.08,2655.85
F100275,2025-02,30591.94,15653.9,2838.23
F100275,2025-03,30706.9,17794.91,2453.28
F100275,2025-04,29839.42,16198.13,2591.85
F100275,2025-05,31680.22,16197.79,2941.66
F100275,2025-06,30600.2,16954.46,2592.69
F100275,2025-07,32066.61,16674.31,2924.54
F100275,2025-08,30488.16,16599.92,2638.77
F100276,2024-03,54942.46,30544.89,4635.54
F100276,2024-04,57316.76,27254.32,5711.86
F100276,2024-05,39801.31,21311.6,3513.05
F100276,2024-06,59156.96,31029.76,5344.17
F100276,2024-07,53565.04,25896.61,5257.0
F100276,2024-08,56042.41,28287.67,5273.4
F100276,2024-09,68465.03,32210.02,6888.45
F100276,2024-10,56666.9,31926.65,4700.65
F100276,2024-11,62307.9,32535.7,5656.72
F100276,2024-12,55673.38,29418.1,4988.5
F100276,2025-01,53785.38,30116.43,4497.1
F100276,2025-02,56342.14,28096.87,5366.6
F100276,2025-03,48704.32,27676.1,3995.36
F100276,2025-04,54261.23,28144.75,4962.13
F100276,2025-05,38393.71,21240.38,3259.13
F100276,2025-06,43327.21,24444.97,3587.63
F100276,2025-07,46443.24,22065.27,4631.82
F100276,2025-08,59966.48,31609.07,5387.91
F100277,2024-03,22076.92,16535.43,1052.88
F100277,2024-04,22922.94,18369.92,865.07
F100277,2024-05,21964.61,15754.71,1179.88
F100277,2024-06,22624.75,16215.92,1217.68
F100277,2024-07,24679.23,19095.0,1061.0
F100277,2024-08,25849.17,18659.51,1366.03
F100277,2024-09,24227.08,16863.58,1399.06
F100277,2024-10,22622.82,17946.55,888.49
F100277,2024-11,21278.94,15092.79,1175.37
F100277,2024-12,25059.36,18140.0,1314.68
F100277,2025-01,19169.77,15286.55,737.81
F100277,2025-02,21105.58,15640.66,1038.34
F100277,2025-03,17497.7,12427.96,963.25
F100277,2025-04,20775.02,15918.22,922.79
F100277,2025-05,20988.39,16486.98,855.27
F100277,2025-06,17411.37,14114.51,626.4
F100277,2025-07,17726.02,14029.07,702.42
F100277,2025-08,20758.09,16196.81,866.64
F100278,2024-03,31987.45,20606.95,2162.3
F100278,2024-04,29633.96,18279.96,2157.26
F100278,2024-05,31146.99,18746.43,2356.11
F100278,2024-06,36849.19,23786.32,2481.95
F100278,2024-07,36064.74,19980.39,3056.03
F100278,2024-08,36668.66,21271.26,2925.51
F100278,2024-09,32667.34,20656.32,2282.09
F100278,2024-10,35382.9,23179.01,2318.74
F100278,2024-11,32660.45,20500.69,2310.36
F100278,2024-12,32455.43,20544.04,2263.17
F100278,2025-01,29346.78,17573.79,2236.87
F100278,2025-02,29641.43,17442.77,2317.74
F100278,2025-03,28767.02,15912.88,2442.29
F100278,2025-04,27788.85,16829.24,2082.33
F100278,2025-05,30778.7,18409.25,2350.2
F100278,2025-06,25786.16,17174.17,1636.28
F100278,2025-07,31968.58,18811.87,2499.77
F100278,2025-08,35447.07,23751.29,2222.2
F100279,2024-03,30076.92,19230.48,2060.82
F100279,2024-04,28472.24,18000.32,1989.66
F100279,2024-05,31421.56,18906.09,2377.94
F100279,2024-06,26924.31,18939.37,1517.14
F100279,2024-07,25278.94,16551.57,1658.2
F100279,2024-08,27063.64,17943.54,1732.82
F100279,2024-09,29652.18,20073.92,1819.87
F100279,2024-10,29751.13,19248.83,1995.44
F100279,2024-11,30774.32,21569.18,1748.98
F100279,2024-12,26283.68,16249.47,1906.5
F100279,2025-01,19107.73,13513.84,1062.84
F100279,2025-02,26333.96,17989.87,1585.38
F100279,2025-03,27232.06,19258.72,1514.94
F100279,2025-04,18386.12,13076.22,1008.88
F100279,2025-05,17957.24,11134.42,1296.34
F100279,2025-06,19953.87,13020.28,1317.38
F100279,2025-07,23097.8,14610.93,1612.5
F100279,2025-08,19940.04,12489.33,1415.63
F100280,2024-03,16153.5,7941.68,1560.25
F100280,2024-04,19960.68,9969.68,1898.29
F100280,2024-05,22672.48,11174.28,2184.66
F100280,2024-06,20142.04,8361.26,2238.35
F100280,2024-07,21881.7,9644.84,2325.0
F100280,2024-08,20792.88,10155.18,2021.16
F100280,2024-09,25294.12,11337.69,2651.72
F100280,2024-10,22212.64,10664.11,2194.22
F100280,2024-11,14184.88,6537.86,1452.93
F100280,2024-12,15641.02,7355.8,1574.19
F100280,2025-01,17637.45,8408.33,1753.53
F100280,2025-02,21021.84,9421.11,2204.14
F100280,2025-03,13985.92,6760.45,1372.84
F100280,2025-04,16638.97,8083.9,1625.46
F100280,2025-05,20659.42,8653.21,2281.18
F100280,2025-06,16932.16,7323.59,1825.63
F100280,2025-07,21842.36,10292.63,2194.45
F100280,2025-08,18811.03,9402.95,1787.54
F100281,2024-03,46670.52,30606.71,3052.12
F100281,2024-04,55981.67,33249.35,4319.14
F100281,2024-05,44272.61,26339.75,3407.24
F100281,2024-06,48109.64,26824.56,4044.16
F100281,2024-07,51464.63,28179.53,4424.17
F100281,2024-08,49470.99,30895.99,3529.25
F100281,2024-09,60068.01,38441.92,4108.96
F100281,2024-10,51871.83,34303.62,3337.96
F100281,2024-11,43414.74,24537.4,3586.7
F100281,2024-12,44096.94,24702.01,3685.04
F100281,2025-01,41338.47,26845.26,2753.71
F100281,2025-02,52316.62,32289.75,3805.1
F100281,2025-03,41263.39,25129.78,3065.39
F100281,2025-04,32984.03,18485.0,2754.82
F100281,2025-05,52788.05,34419.11,3490.1
F100281,2025-06,49707.34,27640.64,4192.67
F100281,2025-07,33046.73,21179.3,2254.81
F100281,2025-08,42173.65,23535.02,3541.34
F100282,2024-03,27953.56,18201.12,1852.96
F100282,2024-04,29492.91,17644.0,2251.29
F100282,2024-05,29930.65,19330.75,2013.98
F100282,2024-06,30641.39,18511.69,2304.64
F100282,2024-07,30662.39,19044.74,2207.35
F100282,2024-08,30931.97,17976.85,2461.47
F100282,2024-09,30534.82,18261.11,2332.0
F100282,2024-10,30184.6,18923.58,2139.59
F100282,2024-11,29384.87,18154.94,2133.69
F100282,2024-12,28226.67,18251.24,1895.33
F100282,2025-01,26894.59,18002.17,1689.56
F100282,2025-02,25569.55,17413.26,1549.7
F100282,2025-03,25401.67,15799.4,1824.43
F100282,2025-04,24970.57,16934.38,1526.88
F100282,2025-05,24638.87,16660.46,1515.9
F100282,2025-06,24959.33,16208.52,1662.65
F100282,2025-07,26141.54,16374.65,1855.71
F100282,2025-08,27139.96,17492.65,1832.99
F100283,2024-03,58328.09,42269.69,3051.1
F100283,2024-04,83977.26,55715.79,5369.68
F100283,2024-05,62767.65,48381.36,2733.39
F100283,2024-06,68906.77,45933.57,4364.91
F100283,2024-07,72707.45,53763.37,3599.38
F100283,2024-08,41611.87,29296.03,2340.01
F100283,2024-09,61892.84,41745.94,3827.91
F100283,2024-10,42005.6,28695.1,2529.0
F100283,2024-11,63846.07,50036.61,2623.8
F100283,2024-12,42743.07,28751.84,2658.33
F100283,2025-01,70739.36,47702.35,4377.03
F100283,2025-02,50717.97,35326.84,2924.31
F100283,2025-03,41541.84,31187.69,1967.29
F100283,2025-04,44619.52,33909.88,2034.83
F100283,2025-05,52981.76,36760.69,3082.0
F100283,2025-06,63795.27,47853.29,3028.98
F100283,2025-07,48760.91,34650.84,2680.91
F100283,2025-08,55635.21,43523.48,2301.23
F100284,2024-03,32094.06,15810.6,3093.86
F100284,2024-04,32250.65,14712.98,3332.16
F100284,2024-05,33838.24,13879.48,3792.17
F100284,2024-06,33196.0,15917.8,3282.86
F100284,2024-07,35529.06,16164.72,3679.22
F100284,2024-08,35749.78,16542.45,3649.39
F100284,2024-09,33446.93,14330.84,3632.06
F100284,2024-10,33018.42,14663.03,3487.52
F100284,2024-11,31089.18,12738.56,3486.62
F100284,2024-12,32257.72,13186.44,3623.54
F100284,2025-01,29429.82,14552.29,2826.73
F100284,2025-02,31135.56,13211.66,3405.54
F100284,2025-03,29350.84,12918.52,3122.14
F100284,2025-04,28739.52,12024.09,3175.93
F100284,2025-05,28367.7,11570.96,3191.38
F100284,2025-06,30469.79,14432.67,3047.05
F100284,2025-07,30367.87,12796.3,3338.6
F100284,2025-08,31307.63,14970.36,3104.08
F100285,2024-03,41796.42,31564.73,1944.02
F100285,2024-04,45585.04,35997.56,1821.62
F100285,2024-05,44966.88,32352.5,2396.73
F100285,2024-06,47476.22,35180.54,2336.18
F100285,2024-07,50149.2,39527.66,2018.09
F100285,2024-08,49059.91,38299.09,2044.55
F100285,2024-09,47154.3,36022.94,2114.96
F100285,2024-10,46218.36,32016.27,2698.4
F100285,2024-11,45224.84,36098.92,1733.92
F100285,2024-12,42794.78,34498.4,1576.31
F100285,2025-01,42907.63,29368.84,2572.37
F100285,2025-02,40278.19,28298.47,2276.15
F100285,2025-03,36926.78,27923.18,1710.69
F100285,2025-04,39031.55,30214.44,1675.25
F100285,2025-05,38466.75,26728.13,2230.34
F100285,2025-06,36085.95,28189.06,1500.41
F100285,2025-07,36713.64,25860.71,2062.06
F100285,2025-08,39753.6,27010.69,2421.15
F100286,2024-03,57807.46,34362.3,4454.58
F100286,2024-04,35741.06,24408.06,2153.27
F100286,2024-05,50794.81,34476.72,3100.44
F100286,2024-06,39813.61,25563.44,2707.53
F100286,2024-07,42954.11,29439.92,2567.7
F100286,2024-08,54036.79,32120.14,4164.16
F100286,2024-09,55578.4,34814.42,3945.16
F100286,2024-10,49285.77,28509.77,3947.44
F100286,2024-11,52921.93,35086.6,3388.71
F100286,2024-12,45042.2,29475.88,2957.6
F100286,2025-01,39647.32,23840.62,3003.27
F100286,2025-02,51227.55,31338.58,3778.9
F100286,2025-03,32994.71,20634.4,2348.46
F100286,2025-04,38914.48,23737.64,2883.6
F100286,2025-05,42578.25,25898.73,3169.11
F100286,2025-06,38031.82,24778.66,2518.1
F100286,2025-07,45137.17,28889.2,3087.11
F100286,2025-08,51162.47,32107.24,3620.49
F100287,2024-03,19824.75,11242.67,1630.59
F100287,2024-04,27491.26,17679.04,1864.32
F100287,2024-05,32072.22,21138.64,2077.38
F100287,2024-06,30039.21,17961.53,2294.76
F100287,2024-07,35982.47,21535.93,2744.84
F100287,2024-08,29278.5,18884.22,1974.91
F100287,2024-09,35661.89,20001.87,2975.4
F100287,2024-10,33536.74,20205.0,2533.03
F100287,2024-11,29625.29,17108.67,2378.16
F100287,2024-12,18383.91,11139.3,1376.48
F100287,2025-01,25923.8,15660.48,1950.03
F100287,2025-02,30801.8,18680.36,2303.08
F100287,2025-03,24531.64,14350.44,1934.43
F100287,2025-04,24148.53,14551.59,1823.42
F100287,2025-05,30200.8,19224.08,2085.58
F100287,2025-06,15738.11,9557.09,1174.39
F100287,2025-07,28562.26,18062.6,1994.93
F100287,2025-08,28350.38,18585.62,1855.3
F100288,2024-03,48225.2,26626.8,4103.7
F100288,2024-04,48193.69,31609.9,3150.92
F100288,2024-05,49501.95,29301.33,3838.12
F100288,2024-06,52617.73,28614.94,4560.53
F100288,2024-07,46535.69,30382.31,3069.14
F100288,2024-08,39820.7,24908.75,2833.27
F100288,2024-09,63731.12,40661.25,4383.28
F100288,2024-10,44544.0,25256.8,3664.57
F100288,2024-11,59108.26,33269.11,4909.44
F100288,2024-12,43838.79,24755.23,3625.88
F100288,2025-01,43694.11,27826.41,3014.86
F100288,2025-02,32096.13,18327.26,2616.08
F100288,2025-03,15076.57,8316.88,1284.34
F100288,2025-04,53967.17,34317.96,3733.35
F100288,2025-05,25243.63,16530.53,1655.49
F100288,2025-06,40174.61,24532.85,2971.93
F100288,2025-07,36500.31,21399.88,2869.08
F100288,2025-08,57823.51,33436.66,4633.5
F100289,2024-03,21703.07,13304.42,1595.74
F100289,2024-04,23756.85,15237.52,1618.67
F100289,2024-05,23321.36,15507.84,1484.57
F100289,2024-06,14746.69,9741.75,950.94
F100289,2024-07,22458.46,13839.46,1637.61
F100289,2024-08,23706.53,15246.95,1607.32
F100289,2024-09,17188.61,11528.57,1075.41
F100289,2024-10,19192.6,11952.95,1375.53
F100289,2024-11,23626.26,16712.19,1313.67
F100289,2024-12,23421.21,17033.74,1213.62
F100289,2025-01,21378.34,15524.43,1112.24
F100289,2025-02,13051.34,8191.77,923.32
F100289,2025-03,10292.91,6859.69,652.31
F100289,2025-04,16591.76,10450.9,1166.76
F100289,2025-05,19376.91,12768.71,1255.56
F100289,2025-06,14591.16,10526.23,772.34
F100289,2025-07,19120.01,13531.01,1061.91
F100289,2025-08,17714.24,12090.3,1068.55
F100290,2024-03,40233.92,26950.45,2523.86
F100290,2024-04,33511.35,23497.13,1902.7
F100290,2024-05,39971.3,24708.81,2899.87
F100290,2024-06,35837.38,21153.36,2789.97
F100290,2024-07,43160.33,27817.63,2915.11
F100290,2024-08,41394.22,25181.36,3080.44
F100290,2024-09,39404.1,26400.71,2470.64
F100290,2024-10,40144.65,25325.5,2815.64
F100290,2024-11,34750.53,21651.63,2488.79
F100290,2024-12,35339.84,23647.55,2221.53
F100290,2025-01,29820.56,17913.45,2262.35
F100290,2025-02,28783.48,17903.54,2067.19
F100290,2025-03,32653.43,20271.3,2352.61
F100290,2025-04,26814.82,16126.77,2030.73
F100290,2025-05,30621.76,21006.14,1826.97
F100290,2025-06,32940.13,18966.05,2655.07
F100290,2025-07,31577.54,21626.19,1890.76
F100290,2025-08,33526.97,22625.64,2071.25
F100291,2024-03,42796.99,21767.7,3995.56
F100291,2024-04,39615.42,24183.93,2931.98
F100291,2024-05,35582.43,20489.64,2867.63
F100291,2024-06,45074.34,25031.22,3808.19
F100291,2024-07,41255.18,23690.91,3337.21
F100291,2024-08,42399.14,23847.73,3524.77
F100291,2024-09,47782.79,25052.37,4318.78
F100291,2024-10,42837.63,25870.33,3223.79
F100291,2024-11,41127.29,24679.17,3125.14
F100291,2024-12,37840.43,21602.07,3085.29
F100291,2025-01,37746.72,21616.22,3064.8
F100291,2025-02,40796.68,22294.61,3515.39
F100291,2025-03,41440.71,23170.87,3471.27
F100291,2025-04,37178.15,20768.51,3117.83
F100291,2025-05,36908.29,18861.51,3428.89
F100291,2025-06,40175.41,22439.72,3369.78
F100291,2025-07,34610.07,18725.08,3018.15
F100291,2025-08,32487.65,18485.31,2660.44
F100292,2024-03,36048.07,25828.45,1941.73
F100292,2024-04,34553.48,21456.67,2488.39
F100292,2024-05,46543.84,31631.87,2833.27
F100292,2024-06,39696.17,27168.59,2380.24
F100292,2024-07,50080.13,33400.3,3169.17
F100292,2024-08,45171.08,31230.51,2648.71
F100292,2024-09,38754.71,23445.0,2908.85
F100292,2024-10,38234.2,27510.9,2037.43
F100292,2024-11,40744.54,28298.7,2364.71
F100292,2024-12,35073.63,23971.99,2109.31
F100292,2025-01,30077.11,21303.18,1667.05
F100292,2025-02,32627.76,20495.21,2305.19
F100292,2025-03,30427.81,20075.32,1966.97
F100292,2025-04,31549.58,20592.74,2081.8
F100292,2025-05,34644.58,22291.74,2347.04
F100292,2025-06,28378.49,18460.16,1884.48
F100292,2025-07,34016.7,22042.69,2275.06
F100292,2025-08,34826.56,24717.96,1920.63
F100293,2024-03,25629.48,21006.96,878.28
F100293,2024-04,26873.68,18327.99,1623.68
F100293,2024-05,23343.11,18872.9,849.34
F100293,2024-06,29246.83,22252.43,1328.94
F100293,2024-07,26914.83,20578.32,1203.94
F100293,2024-08,23756.19,17995.47,1094.54
F100293,2024-09,29377.36,22090.93,1384.42
F100293,2024-10,23049.18,17481.34,1057.89
F100293,2024-11,16437.2,12358.92,774.87
F100293,2024-12,22872.91,16847.44,1144.84
F100293,2025-01,24521.23,17952.96,1247.97
F100293,2025-02,24897.85,17458.53,1413.47
F100293,2025-03,19784.49,13465.61,1200.59
F100293,2025-04,26423.47,20203.29,1181.83
F100293,2025-05,22908.88,16727.74,1174.42
F100293,2025-06,22611.54,17086.2,1049.81
F100293,2025-07,26029.68,20190.66,1109.41
F100293,2025-08,20786.9,15792.85,948.87
F100294,2024-03,34845.81,23351.56,2183.91
F100294,2024-04,26497.39,15111.36,2163.35
F100294,2024-05,35907.59,24791.16,2112.12
F100294,2024-06,28837.16,19621.03,1751.06
F100294,2024-07,30135.01,18839.12,2146.22
F100294,2024-08,34544.57,21629.5,2453.86
F100294,2024-09,27761.5,18894.45,1684.74
F100294,2024-10,40521.83,25427.28,2867.96
F100294,2024-11,34305.71,23748.15,2005.94
F100294,2024-12,34747.61,24129.84,2017.38
F100294,2025-01,32316.17,19241.5,2484.19
F100294,2025-02,32929.5,19830.5,2488.81
F100294,2025-03,31075.25,19092.01,2276.82
F100294,2025-04,40876.98,27147.53,2608.6
F100294,2025-05,33938.02,21893.07,2288.54
F100294,2025-06,29434.1,18965.29,1989.07
F100294,2025-07,29256.12,19474.02,1858.6
F100294,2025-08,29778.23,19723.73,1910.35
F100295,2024-03,41672.45,27070.35,2774.4
F100295,2024-04,56314.87,36891.67,3690.41
F100295,2024-05,52394.23,38478.56,2643.98
F100295,2024-06,51360.62,37643.88,2606.18
F100295,2024-07,50431.87,38334.35,2298.53
F100295,2024-08,48855.76,36901.74,2271.26
F100295,2024-09,75545.28,56306.83,3655.31
F100295,2024-10,53536.61,40729.71,2433.31
F100295,2024-11,42923.48,28911.41,2662.29
F100295,2024-12,41421.9,29934.31,2182.64
F100295,2025-01,41904.08,30676.91,2133.16
F100295,2025-02,48044.57,34960.44,2485.99
F100295,2025-03,42471.97,31087.44,2163.06
F100295,2025-04,44903.98,33485.31,2169.55
F100295,2025-05,28463.23,19499.07,1703.19
F100295,2025-06,34714.47,25118.85,1823.17
F100295,2025-07,23259.47,18078.86,984.32
F100295,2025-08,45182.39,34810.23,1970.71
F100296,2024-03,48844.62,34285.88,2766.16
F100296,2024-04,55082.78,38162.27,3214.9
F100296,2024-05,63965.15,39464.61,4655.1
F100296,2024-06,61557.23,41263.23,3855.86
F100296,2024-07,52373.17,32888.28,3702.13
F100296,2024-08,62461.21,46134.69,3102.04
F100296,2024-09,61712.07,44362.09,3296.5
F100296,2024-10,54638.89,39923.71,2795.88
F100296,2024-11,62295.88,42463.01,3768.25
F100296,2024-12,69255.88,45070.74,4595.18
F100296,2025-01,57780.16,42328.67,2935.78
F100296,2025-02,56456.08,38918.12,3332.21
F100296,2025-03,51725.1,35674.67,3049.58
F100296,2025-04,48821.62,35788.92,2476.21
F100296,2025-05,49430.3,30554.58,3586.39
F100296,2025-06,55604.77,36590.1,3612.79
F100296,2025-07,55780.99,40816.58,2843.24
F100296,2025-08,56295.5,36450.47,3770.56
F100297,2024-03,54595.74,39467.21,2874.42
F100297,2024-04,57749.9,45951.53,2241.69
F100297,2024-05,75688.38,53027.83,4305.5
F100297,2024-06,63079.28,49997.66,2485.51
F100297,2024-07,64841.8,47209.77,3350.09
F100297,2024-08,63519.34,44957.13,3526.82
F100297,2024-09,77440.5,56890.53,3904.49
F100297,2024-10,51370.71,37135.72,2704.65
F100297,2024-11,53449.93,38665.47,2809.05
F100297,2024-12,74629.91,51033.62,4483.29
F100297,2025-01,53146.71,42817.23,1962.6
F100297,2025-02,42889.11,32220.31,2027.07
F100297,2025-03,64559.49,45390.48,3642.11
F100297,2025-04,56607.38,39209.59,3305.58
F100297,2025-05,59044.09,45701.64,2535.07
F100297,2025-06,67279.09,53259.63,2663.7
F100297,2025-07,46169.59,31320.26,2821.37
F100297,2025-08,49725.13,34191.52,2951.39
F100298,2024-03,21591.19,9608.15,2276.78
F100298,2024-04,24393.8,12084.82,2338.71
F100298,2024-05,26847.24,11388.25,2937.21
F100298,2024-06,25960.54,11906.34,2670.3
F100298,2024-07,23474.93,9664.85,2623.92
F100298,2024-08,19802.96,8170.93,2210.09
F100298,2024-09,24904.65,11760.49,2497.39
F100298,2024-10,20306.71,8346.53,2272.43
F100298,2024-11,22752.74,9370.08,2542.71
F100298,2024-12,23572.74,11652.58,2264.83
F100298,2025-01,23939.92,9876.82,2671.99
F100298,2025-02,17739.81,7560.85,1934.0
F100298,2025-03,20392.62,9424.07,2084.02
F100298,2025-04,16548.21,7440.41,1730.48
F100298,2025-05,17812.7,8578.65,1754.47
F100298,2025-06,21466.1,8779.91,2410.38
F100298,2025-07,20501.83,9962.17,2002.53
F100298,2025-08,18033.02,7802.15,1943.87
F100299,2024-03,26992.72,12392.8,2773.99
F100299,2024-04,21006.35,10019.69,2087.47
F100299,2024-05,29212.5,16193.33,2473.64
F100299,2024-06,29390.5,16136.65,2518.23
F100299,2024-07,28450.42,13397.54,2860.05
F100299,2024-08,28337.57,14556.19,2618.46
F100299,2024-09,26162.36,13262.0,2451.07
F100299,2024-10,28711.14,14476.43,2704.59
F100299,2024-11,27237.92,14069.11,2502.08
F100299,2024-12,24724.99,12300.7,2360.61
F100299,2025-01,24835.36,11959.05,2446.5
F100299,2025-02,22976.96,12590.52,1973.42
F100299,2025-03,23134.94,12794.6,1964.66
F100299,2025-04,24413.89,12806.5,2205.4
F100299,2025-05,23741.58,12309.83,2172.03
F100299,2025-06,24004.46,12456.93,2194.03
F100299,2025-07,23417.75,12275.47,2117.03
F100299,2025-08,23283.22,12364.5,2074.56
F100300,2024-03,50173.11,29140.99,3996.1
F100300,2024-04,43315.15,26556.49,3184.15
F100300,2024-05,48552.42,28841.78,3745.02
F100300,2024-06,36257.16,21289.05,2843.94
F100300,2024-07,47659.88,26857.47,3952.46
F100300,2024-08,37721.2,22765.48,2841.59
F100300,2024-09,33880.07,18688.58,2886.38
F100300,2024-10,35397.51,20539.7,2822.98
F100300,2024-11,41471.29,25630.32,3009.78
F100300,2024-12,34158.72,21219.72,2458.41
F100300,2025-01,25863.88,14720.42,2117.26
F100300,2025-02,34587.2,21852.71,2419.55
F100300,2025-03,35862.52,21268.8,2772.81
F100300,2025-04,38122.68,21850.41,3091.73
F100300,2025-05,36910.04,22251.93,2785.04
F100300,2025-06,38759.31,24205.14,2765.29
F100300,2025-07,22165.88,13388.28,1667.74
F100300,2025-08,45975.08,27613.98,3488.61
F100301,2024-03,18964.92,9174.48,1860.18
F100301,2024-04,23723.22,10068.94,2594.31
F100301,2024-05,20325.34,10073.17,1947.91
F100301,2024-06,21716.75,9642.21,2294.16
F100301,2024-07,22434.61,11164.01,2141.41
F100301,2024-08,25588.41,11740.02,2631.19
F100301,2024-09,20103.67,9986.44,1922.27
F100301,2024-10,20893.21,9791.01,2109.42
F100301,2024-11,19311.45,8662.79,2023.24
F100301,2024-12,23083.67,11262.98,2245.93
F100301,2025-01,25368.21,11829.97,2572.26
F100301,2025-02,16675.94,7569.16,1730.29
F100301,2025-03,18789.0,8416.19,1970.83
F100301,2025-04,19156.77,9340.93,1865.01
F100301,2025-05,18973.52,9756.95,1751.15
F100301,2025-06,18606.44,8115.89,1993.2
F100301,2025-07,16827.11,8139.53,1650.64
F100301,2025-08,21411.87,9468.06,2269.32
F100302,2024-03,35611.29,22649.34,2462.77
F100302,2024-04,30340.26,19486.33,2062.25
F100302,2024-05,39753.66,22914.58,3199.43
F100302,2024-06,42120.91,25610.08,3137.06
F100302,2024-07,39803.46,25623.89,2694.12
F100302,2024-08,36267.41,22940.38,2532.14
F100302,2024-09,29134.07,18076.62,2100.92
F100302,2024-10,37589.04,21452.9,3065.87
F100302,2024-11,34793.44,20002.86,2810.21
F100302,2024-12,38290.69,23025.25,2900.43
F100302,2025-01,36307.27,21265.46,2857.94
F100302,2025-02,26834.64,17449.15,1783.24
F100302,2025-03,34138.12,19724.32,2738.62
F100302,2025-04,25239.23,15647.41,1822.45
F100302,2025-05,28299.64,17281.29,2093.49
F100302,2025-06,28163.02,18385.29,1857.77
F100302,2025-07,25199.69,14132.78,2102.71
F100302,2025-08,29824.41,17111.11,2415.53
F100303,2024-03,36074.62,17352.39,3557.22
F100303,2024-04,34915.02,19146.55,2996.01
F100303,2024-05,34810.93,19191.83,2967.63
F100303,2024-06,34228.5,18599.38,2969.53
F100303,2024-07,34202.09,18897.33,2907.9
F100303,2024-08,35390.55,16963.08,3501.22
F100303,2024-09,35838.35,19522.46,3100.02
F100303,2024-10,43835.88,21660.58,4213.31
F100303,2024-11,29953.88,14365.93,2961.71
F100303,2024-12,35193.22,17126.9,3432.6
F100303,2025-01,29390.12,16505.58,2448.06
F100303,2025-02,29465.08,15255.46,2699.83
F100303,2025-03,27838.69,13959.26,2637.09
F100303,2025-04,25051.68,13333.19,2226.51
F100303,2025-05,28538.58,14196.2,2725.05
F100303,2025-06,28269.04,14963.21,2528.11
F100303,2025-07,34219.55,17773.96,3124.66
F100303,2025-08,31264.5,17329.0,2647.74
F100304,2024-03,44070.49,19673.03,4635.52
F100304,2024-04,61627.49,29127.51,6175.0
F100304,2024-05,69733.78,32844.76,7008.91
F100304,2024-06,61811.8,32721.81,5527.1
F100304,2024-07,59394.77,28031.26,5959.07
F100304,2024-08,67610.62,33056.17,6565.35
F100304,2024-09,64705.79,33839.61,5864.57
F100304,2024-10,63988.65,31481.56,6176.35
F100304,2024-11,31295.68,16298.31,2849.5
F100304,2024-12,45303.64,20529.27,4707.13
F100304,2025-01,76132.45,39157.63,7025.22
F100304,2025-02,40579.11,20676.55,3781.49
F100304,2025-03,66357.49,33818.41,6182.43
F100304,2025-04,52110.61,26475.7,4870.63
F100304,2025-05,48964.65,22058.88,5112.1
F100304,2025-06,67275.56,33948.23,6332.19
F100304,2025-07,55051.34,25706.85,5575.45
F100304,2025-08,61542.16,28217.78,6331.63
F100305,2024-03,66100.84,32907.28,6306.78
F100305,2024-04,53478.52,29637.72,4529.75
F100305,2024-05,46969.01,24885.78,4195.81
F100305,2024-06,60971.66,33083.41,5298.77
F100305,2024-07,58028.69,30213.09,5284.96
F100305,2024-08,80808.7,44562.19,6886.84
F100305,2024-09,64927.4,31918.46,6271.7
F100305,2024-10,46005.87,21894.8,4581.1
F100305,2024-11,58252.19,30623.55,5249.44
F100305,2024-12,51055.02,24170.33,5108.09
F100305,2025-01,34574.1,19419.72,2879.33
F100305,2025-02,46429.26,24472.26,4171.83
F100305,2025-03,44535.3,25490.23,3618.56
F100305,2025-04,24525.0,11919.6,2395.03
F100305,2025-05,49670.66,26859.73,4334.08
F100305,2025-06,51848.02,26732.75,4771.9
F100305,2025-07,53141.62,29542.92,4483.75
F100305,2025-08,35408.56,16675.83,3559.22
F100306,2024-03,29719.01,19499.12,1941.78
F100306,2024-04,38149.59,26141.4,2281.56
F100306,2024-05,30505.87,20789.19,1846.17
F100306,2024-06,41485.18,26305.96,2884.05
F100306,2024-07,49880.93,32233.56,3353.0
F100306,2024-08,39944.69,25667.02,2712.76
F100306,2024-09,42002.9,32277.37,1847.85
F100306,2024-10,34862.12,22402.7,2367.29
F100306,2024-11,20454.94,14965.94,1042.91
F100306,2024-12,38302.12,26982.8,2150.67
F100306,2025-01,27756.68,20662.41,1347.91
F100306,2025-02,28343.38,18159.89,1934.86
F100306,2025-03,32034.18,21475.09,2006.23
F100306,2025-04,31311.95,21279.89,1906.09
F100306,2025-05,30924.79,19885.53,2097.46
F100306,2025-06,29173.76,18633.84,2002.58
F100306,2025-07,30637.12,19613.42,2094.5
F100306,2025-08,34094.38,25108.96,1707.23
F100307,2024-03,40233.12,19538.65,3931.95
F100307,2024-04,40376.17,18727.13,4113.32
F100307,2024-05,50311.32,25032.8,4802.92
F100307,2024-06,46136.86,22307.45,4527.59
F100307,2024-07,46915.95,21064.79,4911.72
F100307,2024-08,34671.15,15366.44,3667.89
F100307,2024-09,46654.34,22838.93,4524.93
F100307,2024-10,46977.94,22958.16,4563.76
F100307,2024-11,33110.97,14189.53,3595.07
F100307,2024-12,47778.31,23462.15,4620.07
F100307,2025-01,47022.38,23833.63,4405.86
F100307,2025-02,34347.67,17531.1,3195.15
F100307,2025-03,36813.63,18838.17,3415.34
F100307,2025-04,37233.2,18770.71,3507.87
F100307,2025-05,48232.8,24128.28,4579.86
F100307,2025-06,42734.57,18223.06,4657.19
F100307,2025-07,43161.23,18672.92,4652.78
F100307,2025-08,36244.87,18221.34,3424.47
F100308,2024-03,37167.01,17851.37,3669.97
F100308,2024-04,36125.21,17455.57,3547.23
F100308,2024-05,37058.99,18634.52,3500.65
F100308,2024-06,36948.82,17335.74,3726.49
F100308,2024-07,41872.38,22235.26,3731.05
F100308,2024-08,40188.43,20226.23,3792.82
F100308,2024-09,35415.18,16994.91,3499.85
F100308,2024-10,34382.63,17748.29,3160.52
F100308,2024-11,40382.69,21216.24,3641.63
F100308,2024-12,37172.12,19251.76,3404.87
F100308,2025-01,39749.15,19899.31,3771.47
F100308,2025-02,31885.19,15613.1,3091.7
F100308,2025-03,28177.72,14046.93,2684.85
F100308,2025-04,28782.8,15324.89,2557.0
F100308,2025-05,26666.67,13423.98,2516.11
F100308,2025-06,29952.54,14513.38,2933.44
F100308,2025-07,30137.53,16649.53,2562.72
F100308,2025-08,33581.22,17619.39,3032.75
F100309,2024-03,40051.59,26913.15,2496.3
F100309,2024-04,42766.31,24381.61,3493.09
F100309,2024-05,43712.63,27262.14,3125.59
F100309,2024-06,46111.63,30649.77,2937.75
F100309,2024-07,48879.65,28793.81,3816.31
F100309,2024-08,44299.37,28866.98,2932.15
F100309,2024-09,44393.77,26770.37,3348.45
F100309,2024-10,44858.66,28009.73,3201.3
F100309,2024-11,43763.1,29681.79,2675.45
F100309,2024-12,40583.15,23495.07,3246.74
F100309,2025-01,37966.68,25291.72,2408.24
F100309,2025-02,36654.74,24338.21,2340.14
F100309,2025-03,35416.15,22111.8,2527.83
F100309,2025-04,33004.92,19161.45,2630.26
F100309,2025-05,35458.2,23215.22,2326.17
F100309,2025-06,33303.14,22455.72,2061.01
F100309,2025-07,38503.94,22753.59,2992.57
F100309,2025-08,41510.16,24525.62,3227.06
F100310,2024-03,52503.34,32887.57,3727.0
F100310,2024-04,58166.71,37293.42,3965.92
F100310,2024-05,64322.46,37679.44,5062.17
F100310,2024-06,70867.21,44982.86,4918.03
F100310,2024-07,67573.84,41056.4,5038.31
F100310,2024-08,64851.07,37650.41,5168.12
F100310,2024-09,73501.91,41459.54,6088.05
F100310,2024-10,77027.44,42332.95,6591.95
F100310,2024-11,65185.38,40812.83,4630.79
F100310,2024-12,66461.77,35793.34,5827.0
F100310,2025-01,70130.55,40412.6,5646.41
F100310,2025-02,74136.74,39740.05,6535.37
F100310,2025-03,61317.93,38302.8,4372.87
F100310,2025-04,55035.37,32243.19,4330.51
F100310,2025-05,64088.74,41170.91,4354.39
F100310,2025-06,61226.06,35827.98,4825.64
F100310,2025-07,71394.71,40684.23,5834.99
F100310,2025-08,60871.8,34543.48,5002.38
F100311,2024-03,13342.63,9528.49,724.69
F100311,2024-04,18270.37,11387.97,1307.65
F100311,2024-05,19932.37,13661.75,1191.42
F100311,2024-06,15839.51,9997.38,1110.01
F100311,2024-07,18813.95,12708.33,1160.07
F100311,2024-08,17695.52,12191.65,1045.73
F100311,2024-09,19104.39,12376.57,1278.29
F100311,2024-10,15137.06,9868.31,1001.06
F100311,2024-11,17640.52,11506.74,1165.42
F100311,2024-12,16242.98,11269.23,945.01
F100311,2025-01,17117.37,10789.91,1202.22
F100311,2025-02,15777.74,10106.07,1077.62
F100311,2025-03,13899.92,9854.5,768.63
F100311,2025-04,16765.77,10376.93,1213.88
F100311,2025-05,12121.35,8233.88,738.62
F100311,2025-06,15135.76,9363.89,1096.66
F100311,2025-07,17197.88,11409.24,1099.84
F100311,2025-08,17426.18,12226.85,987.87
F100312,2024-03,52762.57,33265.29,3704.48
F100312,2024-04,54972.0,38938.5,3046.36
F100312,2024-05,64918.03,40440.79,4650.68
F100312,2024-06,60625.67,43333.5,3285.51
F100312,2024-07,63522.93,45977.87,3333.56
F100312,2024-08,62172.59,40572.17,4104.08
F100312,2024-09,69132.66,47163.01,4174.23
F100312,2024-10,58659.81,35808.66,4341.72
F100312,2024-11,62310.03,40634.75,4118.3
F100312,2024-12,62906.58,41889.04,3993.33
F100312,2025-01,46315.39,32297.25,2663.45
F100312,2025-02,47065.58,29704.68,3298.57
F100312,2025-03,50189.67,36128.16,2671.69
F100312,2025-04,51746.2,32154.66,3722.39
F100312,2025-05,38454.47,25237.07,2511.31
F100312,2025-06,50641.61,32556.15,3436.24
F100312,2025-07,48909.85,34851.0,2671.18
F100312,2025-08,44392.33,28921.87,2939.39
F100313,2024-03,33556.49,19938.91,2587.34
F100313,2024-04,38515.19,26745.42,2236.26
F100313,2024-05,32241.66,20781.98,2177.34
F100313,2024-06,33038.0,23283.5,1853.36
F100313,2024-07,36799.96,24316.97,2371.77
F100313,2024-08,33651.22,19843.81,2623.41
F100313,2024-09,31432.92,20669.15,2045.12
F100313,2024-10,34777.57,24696.74,1915.36
F100313,2024-11,33570.01,23375.71,1936.92
F100313,2024-12,29702.04,20085.66,1827.11
F100313,2025-01,31899.93,19387.22,2377.42
F100313,2025-02,37305.01,25930.91,2161.08
F100313,2025-03,30361.58,18397.4,2273.19
F100313,2025-04,33013.36,19873.21,2496.63
F100313,2025-05,27461.68,16265.8,2127.22
F100313,2025-06,28233.83,17890.42,1965.25
F100313,2025-07,35869.51,24937.38,2077.11
F100313,2025-08,31194.67,18435.98,2424.15
F100314,2024-03,63335.93,38672.59,4686.04
F100314,2024-04,64402.98,41504.52,4350.71
F100314,2024-05,59983.02,42503.11,3321.18
F100314,2024-06,60973.34,42246.43,3558.11
F100314,2024-07,59370.37,37521.3,4151.32
F100314,2024-08,66734.4,44853.5,4157.37
F100314,2024-09,68404.24,43327.99,4764.49
F100314,2024-10,63871.53,43320.33,3904.73
F100314,2024-11,62615.58,38935.57,4499.2
F100314,2024-12,63584.98,40240.11,4435.53
F100314,2025-01,58376.42,35880.31,4274.26
F100314,2025-02,53014.73,30785.14,4223.62
F100314,2025-03,61416.19,40948.62,3888.84
F100314,2025-04,54850.52,32985.71,4154.31
F100314,2025-05,60030.96,35440.93,4672.11
F100314,2025-06,50730.46,30635.2,3818.1
F100314,2025-07,53281.26,34527.7,3563.18
F100314,2025-08,62109.98,39831.51,4232.91
F100315,2024-03,39408.62,18976.17,3882.17
F100315,2024-04,46201.66,20617.9,4860.91
F100315,2024-05,39954.81,20493.41,3697.67
F100315,2024-06,54069.91,27641.1,5021.47
F100315,2024-07,49713.34,25392.97,4620.87
F100315,2024-08,30269.15,13058.06,3270.11
F100315,2024-09,50234.43,23796.02,5023.3
F100315,2024-10,36901.21,17535.37,3679.51
F100315,2024-11,31046.55,14317.22,3178.57
F100315,2024-12,42034.12,19130.88,4351.62
F100315,2025-01,29456.77,12636.18,3195.91
F100315,2025-02,37448.39,19402.9,3428.64
F100315,2025-03,39844.74,19554.12,3855.22
F100315,2025-04,34494.95,14694.87,3762.01
F100315,2025-05,20640.7,9582.07,2101.14
F100315,2025-06,24919.82,11822.93,2488.41
F100315,2025-07,31949.3,15623.39,3101.92
F100315,2025-08,11167.44,5750.86,1029.15
F100316,2024-03,59759.33,28278.95,5981.27
F100316,2024-04,49829.66,22382.92,5214.88
F100316,2024-05,55434.61,29085.29,5006.37
F100316,2024-06,57489.87,25548.1,6068.94
F100316,2024-07,65116.27,31427.19,6400.93
F100316,2024-08,51495.19,23528.9,5313.6
F100316,2024-09,51656.66,26787.44,4725.15
F100316,2024-10,54431.16,24902.33,5610.48
F100316,2024-11,57919.34,26331.95,6001.61
F100316,2024-12,51520.67,27084.06,4642.96
F100316,2025-01,46653.08,21472.46,4784.32
F100316,2025-02,49380.33,23251.23,4964.53
F100316,2025-03,47507.83,23068.45,4643.48
F100316,2025-04,47911.63,24113.1,4521.72
F100316,2025-05,43706.85,19144.25,4666.89
F100316,2025-06,39156.87,19162.04,3799.02
F100316,2025-07,43333.73,20041.95,4425.44
F100316,2025-08,51722.39,23518.31,5358.78
F100317,2024-03,42560.56,28487.06,2673.96
F100317,2024-04,38775.62,25058.34,2606.28
F100317,2024-05,50896.49,32942.23,3411.31
F100317,2024-06,46782.82,32298.44,2752.03
F100317,2024-07,51169.33,35192.96,3035.51
F100317,2024-08,52890.44,30977.0,4163.55
F100317,2024-09,44074.33,28742.89,2912.97
F100317,2024-10,48783.43,31558.72,3272.69
F100317,2024-11,41151.93,24819.0,3103.26
F100317,2024-12,55154.06,37304.88,3391.34
F100317,2025-01,44344.52,28524.79,3005.75
F100317,2025-02,34074.98,23538.46,2001.94
F100317,2025-03,32865.93,22078.36,2049.64
F100317,2025-04,42022.36,26471.87,2954.59
F100317,2025-05,38759.37,23875.2,2827.99
F100317,2025-06,30004.72,18852.01,2119.01
F100317,2025-07,43635.14,26994.48,3161.73
F100317,2025-08,49627.41,30355.38,3661.69
F100318,2024-03,53076.72,32661.42,3878.91
F100318,2024-04,35849.86,22105.93,2611.35
F100318,2024-05,39133.68,21946.09,3265.64
F100318,2024-06,40517.0,24223.41,3095.78
F100318,2024-07,64677.2,36659.88,5323.29
F100318,2024-08,44767.46,24264.63,3895.54
F100318,2024-09,57551.0,33758.63,4520.55
F100318,2024-10,48478.33,27011.89,4078.62
F100318,2024-11,43982.41,26102.48,3397.19
F100318,2024-12,45729.58,27456.55,3471.88
F100318,2025-01,40234.32,25107.23,2874.15
F100318,2025-02,29140.85,15446.1,2602.0
F100318,2025-03,44652.94,24545.52,3820.41
F100318,2025-04,29027.14,17766.44,2139.53
F100318,2025-05,27027.66,14570.51,2366.86
F100318,2025-06,50966.33,28571.42,4255.03
F100318,2025-07,42364.39,26908.74,2936.57
F100318,2025-08,35302.18,21582.15,2606.8
F100319,2024-03,34506.83,19200.82,2908.14
F100319,2024-04,37713.89,20763.27,3220.62
F100319,2024-05,40555.82,20105.42,3885.58
F100319,2024-06,32286.52,15383.45,3211.58
F100319,2024-07,35184.13,18816.48,3109.85
F100319,2024-08,38619.73,20276.97,3485.12
F100319,2024-09,36175.91,19260.21,3213.98
F100319,2024-10,36169.03,18124.61,3428.44
F100319,2024-11,39642.14,21696.88,3409.6
F100319,2024-12,30002.75,15375.41,2779.19
F100319,2025-01,36890.3,17576.23,3669.67
F100319,2025-02,30424.51,16600.42,2626.58
F100319,2025-03,33025.43,17528.86,2944.35
F100319,2025-04,33589.45,17495.09,3057.93
F100319,2025-05,34202.5,17476.31,3177.98
F100319,2025-06,30101.09,16507.12,2582.85
F100319,2025-07,32259.0,17122.18,2876.0
F100319,2025-08,31588.93,16057.71,2950.93
F100320,2024-03,42836.26,22635.0,3838.24
F100320,2024-04,51154.62,23277.36,5296.68
F100320,2024-05,53040.25,24713.62,5382.06
F100320,2024-06,42102.03,22766.37,3673.78
F100320,2024-07,55518.3,28047.79,5219.4
F100320,2024-08,47834.59,22917.88,4734.17
F100320,2024-09,53292.79,25129.86,5350.96
F100320,2024-10,51327.86,26507.09,4715.95
F100320,2024-11,47900.8,21778.84,4963.17
F100320,2024-12,46250.61,24480.56,4136.31
F100320,2025-01,33688.2,17391.14,3096.44
F100320,2025-02,46741.28,24779.45,4172.75
F100320,2025-03,48076.99,22461.44,4866.95
F100320,2025-04,41384.76,22132.09,3658.01
F100320,2025-05,52510.15,26571.21,4928.4
F100320,2025-06,43090.15,20656.85,4262.33
F100320,2025-07,53480.43,24854.21,5438.98
F100320,2025-08,41086.27,20442.88,3922.24
F100321,2024-03,53215.55,34270.66,3599.53
F100321,2024-04,48718.07,28608.04,3820.91
F100321,2024-05,61318.05,36473.47,4720.47
F100321,2024-06,60555.31,39172.91,4062.66
F100321,2024-07,60381.31,40513.27,3774.93
F100321,2024-08,58019.15,38902.27,3632.21
F100321,2024-09,47877.46,30865.3,3232.31
F100321,2024-10,48701.26,29255.83,3694.63
F100321,2024-11,48509.75,27368.85,4016.77
F100321,2024-12,59222.14,37090.41,4205.03
F100321,2025-01,50142.06,30123.76,3803.48
F100321,2025-02,60033.73,36660.0,4441.01
F100321,2025-03,38268.69,23076.15,2886.58
F100321,2025-04,42720.29,26304.91,3118.92
F100321,2025-05,55396.86,32280.99,4392.01
F100321,2025-06,50848.38,31811.07,3617.09
F100321,2025-07,49931.64,30109.94,3766.12
F100321,2025-08,51909.63,33370.95,3522.35
F100322,2024-03,39631.51,21574.09,3430.91
F100322,2024-04,32783.13,16785.15,3039.62
F100322,2024-05,39690.07,20327.22,3678.94
F100322,2024-06,34516.78,20426.34,2677.18
F100322,2024-07,38023.18,21220.45,3192.52
F100322,2024-08,48667.49,27499.73,4021.87
F100322,2024-09,32331.21,19633.9,2412.49
F100322,2024-10,36060.01,20312.66,2992.0
F100322,2024-11,36255.81,20301.78,3031.27
F100322,2024-12,31449.4,18594.36,2442.46
F100322,2025-01,27475.31,15280.46,2317.02
F100322,2025-02,42410.9,24893.91,3328.23
F100322,2025-03,31175.1,17642.0,2571.29
F100322,2025-04,22736.86,12540.3,1937.35
F100322,2025-05,36177.22,19412.03,3185.39
F100322,2025-06,44124.56,22603.15,4089.07
F100322,2025-07,36135.61,19998.77,3066.0
F100322,2025-08,35050.22,20595.41,2746.41
F100323,2024-03,36273.61,27304.76,1704.08
F100323,2024-04,49988.24,34456.51,2951.03
F100323,2024-05,45780.62,33823.17,2271.92
F100323,2024-06,32674.87,24606.34,1533.02
F100323,2024-07,43241.25,27844.61,2925.36
F100323,2024-08,56625.65,39717.84,3212.48
F100323,2024-09,54437.33,42325.16,2301.31
F100323,2024-10,39961.54,30399.71,1816.75
F100323,2024-11,44224.65,30013.47,2700.12
F100323,2024-12,32541.51,21134.19,2167.39
F100323,2025-01,30219.38,21709.04,1616.96
F100323,2025-02,36390.37,27918.27,1609.7
F100323,2025-03,50248.43,32282.09,3413.61
F100323,2025-04,30772.65,23122.43,1453.54
F100323,2025-05,41828.97,29207.66,2398.05
F100323,2025-06,40798.86,26918.41,2637.29
F100323,2025-07,33987.04,23651.34,1963.78
F100323,2025-08,42980.19,30595.57,2353.08
F100324,2024-03,54928.49,32409.22,4278.66
F100324,2024-04,62187.06,36161.33,4944.89
F100324,2024-05,69616.75,39946.51,5637.35
F100324,2024-06,69719.24,36626.93,6287.54
F100324,2024-07,60631.8,31049.66,5620.61
F100324,2024-08,62509.39,31137.54,5960.65
F100324,2024-09,68209.57,35234.97,6265.17
F100324,2024-10,68739.19,34297.95,6543.83
F100324,2024-11,65749.7,35072.2,5828.73
F100324,2024-12,63337.04,35377.66,5312.28
F100324,2025-01,61988.05,33395.16,5432.65
F100324,2025-02,59917.47,30554.02,5579.06
F100324,2025-03,58327.6,32891.78,4832.81
F100324,2025-04,48297.95,28786.99,3707.08
F100324,2025-05,51473.65,31100.53,3870.89
F100324,2025-06,54170.48,30471.28,4502.85
F100324,2025-07,61683.51,33345.07,5384.3
F100324,2025-08,61015.69,32237.98,5467.77
F100325,2024-03,47010.68,20932.16,4954.92
F100325,2024-04,44735.8,23113.35,4108.27
F100325,2024-05,45697.65,20265.48,4832.11
F100325,2024-06,58770.3,27423.96,5955.81
F100325,2024-07,58056.52,25494.94,6186.7
F100325,2024-08,60579.48,27447.93,6295.0
F100325,2024-09,52484.55,24632.09,5291.97
F100325,2024-10,52143.48,25141.23,5130.43
F100325,2024-11,48555.65,21678.59,5106.64
F100325,2024-12,44221.24,20971.98,4417.36
F100325,2025-01,41952.08,17870.84,4575.44
F100325,2025-02,43758.41,21722.9,4186.75
F100325,2025-03,29284.89,13166.41,3062.51
F100325,2025-04,35532.69,16635.63,3590.44
F100325,2025-05,38100.21,17802.88,3856.49
F100325,2025-06,46250.96,20133.25,4962.37
F100325,2025-07,47350.48,20380.52,5124.29
F100325,2025-08,42289.74,20298.31,4178.37
F100326,2024-03,30099.31,15912.15,2695.56
F100326,2024-04,28728.49,13935.56,2810.66
F100326,2024-05,28248.07,12588.25,2975.36
F100326,2024-06,26913.24,12689.86,2702.44
F100326,2024-07,31204.68,15402.06,3002.5
F100326,2024-08,25602.88,13425.82,2313.64
F100326,2024-09,22081.13,11633.16,1985.12
F100326,2024-10,33233.45,15151.58,3435.55
F100326,2024-11,19965.13,9722.31,1946.14
F100326,2024-12,24059.39,10686.33,2540.88
F100326,2025-01,29124.21,13565.76,2956.11
F100326,2025-02,29503.41,13402.23,3059.22
F100326,2025-03,21902.22,11043.83,2063.09
F100326,2025-04,24002.17,10625.02,2541.66
F100326,2025-05,26652.81,12346.53,2718.19
F100326,2025-06,29147.96,14838.34,2718.83
F100326,2025-07,30401.24,14488.23,3023.47
F100326,2025-08,28600.37,15015.72,2581.08
F100327,2024-03,41604.1,24600.72,3230.64
F100327,2024-04,42448.86,25667.02,3188.55
F100327,2024-05,41496.08,24381.6,3251.75
F100327,2024-06,45331.43,26909.5,3500.17
F100327,2024-07,44495.05,26799.14,3362.22
F100327,2024-08,45064.93,30888.17,2693.58
F100327,2024-09,41814.85,24197.1,3347.37
F100327,2024-10,42867.66,25560.93,3288.28
F100327,2024-11,41441.85,26999.34,2744.08
F100327,2024-12,38372.62,26023.44,2346.34
F100327,2025-01,37107.16,22419.0,2790.75
F100327,2025-02,35065.31,22310.56,2423.4
F100327,2025-03,34601.0,22341.12,2329.38
F100327,2025-04,32805.32,20163.98,2401.86
F100327,2025-05,32388.37,20436.59,2270.84
F100327,2025-06,33300.49,19761.47,2572.41
F100327,2025-07,37061.3,23076.68,2657.08
F100327,2025-08,37636.71,21665.35,3034.56
F100328,2024-03,45987.92,24741.59,4036.8
F100328,2024-04,47199.58,25530.01,4117.22
F100328,2024-05,43366.07,20009.38,4437.77
F100328,2024-06,36223.38,19058.61,3261.31
F100328,2024-07,45531.35,22963.06,4287.97
F100328,2024-08,44960.76,22393.82,4287.72
F100328,2024-09,48967.73,25221.64,4511.76
F100328,2024-10,55380.43,24865.4,5797.86
F100328,2024-11,50487.29,23218.57,5181.06
F100328,2024-12,35318.45,17434.24,3398.0
F100328,2025-01,41413.58,19674.52,4130.42
F100328,2025-02,29894.6,15328.66,2767.53
F100328,2025-03,32110.04,14837.89,3281.71
F100328,2025-04,34460.64,18548.22,3023.36
F100328,2025-05,28984.26,13319.92,2976.22
F100328,2025-06,42916.23,23212.44,3743.72
F100328,2025-07,37678.13,20344.48,3293.39
F100328,2025-08,34646.76,18720.38,3026.01
F100329,2024-03,55131.84,22611.65,6178.84
F100329,2024-04,62367.28,29562.59,6232.89
F100329,2024-05,61293.92,27031.62,6509.84
F100329,2024-06,70520.57,28992.83,7890.27
F100329,2024-07,58118.27,25439.99,6208.87
F100329,2024-08,67828.33,29491.73,7283.95
F100329,2024-09,56885.71,24178.78,6214.32
F100329,2024-10,66848.81,30977.84,6815.48
F100329,2024-11,76124.65,32057.99,8372.67
F100329,2024-12,40234.47,17043.64,4406.26
F100329,2025-01,47685.28,20367.0,5190.47
F100329,2025-02,55256.98,26358.07,5490.79
F100329,2025-03,68949.52,30963.44,7217.35
F100329,2025-04,62225.27,27274.91,6640.57
F100329,2025-05,36895.41,17492.39,3686.57
F100329,2025-06,36778.23,18084.32,3551.84
F100329,2025-07,69920.94,28768.71,7818.92
F100329,2025-08,87420.54,36373.95,9698.85
F100330,2024-03,51137.55,33950.09,3265.62
F100330,2024-04,43942.29,34098.48,1870.32
F100330,2024-05,46977.59,33646.91,2532.83
F100330,2024-06,48225.23,34545.34,2599.18
F100330,2024-07,50231.22,35464.37,2805.7
F100330,2024-08,42557.69,30225.69,2343.08
F100330,2024-09,37917.38,24669.47,2517.1
F100330,2024-10,35708.59,24367.34,2154.84
F100330,2024-11,35860.85,24596.71,2140.19
F100330,2024-12,61003.96,46026.42,2845.73
F100330,2025-01,29463.06,19182.07,1953.39
F100330,2025-02,38765.94,27014.82,2232.71
F100330,2025-03,31064.89,22153.03,1693.25
F100330,2025-04,39487.66,30261.95,1752.89
F100330,2025-05,43566.53,30177.92,2543.84
F100330,2025-06,40096.14,27271.29,2436.72
F100330,2025-07,38176.51,27045.08,2114.97
F100330,2025-08,39011.5,28825.41,1935.36
F100331,2024-03,23262.0,14255.16,1711.3
F100331,2024-04,44483.62,25491.86,3608.44
F100331,2024-05,37004.84,21567.73,2933.05
F100331,2024-06,31354.35,17539.06,2624.9
F100331,2024-07,32084.93,21725.1,1968.37
F100331,2024-08,45552.38,27814.02,3370.29
F100331,2024-09,25518.85,16337.55,1744.45
F100331,2024-10,35762.91,23681.29,2295.51
F100331,2024-11,31746.99,19772.05,2275.24
F100331,2024-12,36439.63,24513.09,2266.04
F100331,2025-01,22705.91,14660.85,1528.56
F100331,2025-02,30440.73,19660.47,2048.25
F100331,2025-03,26794.97,16612.08,1934.75
F100331,2025-04,28792.39,16987.36,2242.96
F100331,2025-05,30278.46,19396.52,2067.57
F100331,2025-06,22598.89,13182.12,1789.19
F100331,2025-07,36788.75,20890.13,3020.74
F100331,2025-08,27705.04,18411.99,1765.68
F100332,2024-03,42711.71,20894.64,4145.24
F100332,2024-04,60035.25,28395.22,6011.61
F100332,2024-05,47306.69,23665.14,4491.89
F100332,2024-06,57102.72,24161.61,6258.81
F100332,2024-07,59368.29,27255.26,6101.48
F100332,2024-08,50977.45,22348.63,5439.48
F100332,2024-09,51197.28,24056.1,5156.82
F100332,2024-10,44792.2,21654.96,4396.07
F100332,2024-11,55861.57,27087.78,5467.02
F100332,2024-12,53308.35,25689.03,5247.67
F100332,2025-01,46237.32,19559.11,5068.86
F100332,2025-02,39209.45,17957.51,4037.87
F100332,2025-03,39138.0,16655.51,4271.67
F100332,2025-04,45862.41,19897.99,4933.24
F100332,2025-05,31351.15,13495.5,3392.57
F100332,2025-06,36806.43,15680.24,4013.98
F100332,2025-07,33774.76,16332.84,3313.96
F100332,2025-08,43464.95,20136.91,4432.33
F100333,2024-03,42325.32,29220.27,2489.96
F100333,2024-04,31794.66,23674.15,1542.9
F100333,2024-05,31554.98,22159.09,1785.22
F100333,2024-06,33585.24,21703.26,2257.58
F100333,2024-07,35248.02,23682.3,2197.49
F100333,2024-08,36030.53,25888.51,1926.98
F100333,2024-09,34088.81,21894.59,2316.9
F100333,2024-10,40108.0,27686.78,2360.03
F100333,2024-11,40950.95,28387.3,2387.09
F100333,2024-12,44090.91,32498.91,2202.48
F100333,2025-01,36587.28,27499.54,1726.67
F100333,2025-02,38876.32,26523.14,2347.1
F100333,2025-03,33773.62,22086.24,2220.6
F100333,2025-04,33101.39,22243.97,2062.91
F100333,2025-05,25602.56,16056.38,1813.77
F100333,2025-06,34597.27,24682.5,1883.81
F100333,2025-07,34145.54,25080.07,1722.44
F100333,2025-08,44019.94,27742.73,3092.67
F100334,2024-03,56820.83,29687.74,5155.29
F100334,2024-04,62718.9,30349.46,6150.19
F100334,2024-05,73537.87,35432.61,7240.0
F100334,2024-06,72411.4,33181.73,7453.64
F100334,2024-07,30221.79,13514.62,3174.36
F100334,2024-08,53531.29,23944.18,5621.55
F100334,2024-09,41858.69,21321.77,3902.01
F100334,2024-10,51231.44,24760.73,5029.43
F100334,2024-11,61414.65,30977.85,5782.99
F100334,2024-12,56973.73,26997.94,5695.4
F100334,2025-01,80127.29,35993.24,8385.47
F100334,2025-02,59952.87,30814.16,5536.35
F100334,2025-03,34765.01,17071.49,3361.77
F100334,2025-04,48580.35,24205.13,4631.29
F100334,2025-05,53987.24,24143.17,5670.37
F100334,2025-06,47355.63,23478.31,4536.69
F100334,2025-07,36025.92,16216.03,3763.88
F100334,2025-08,52922.45,23537.8,5583.08
F100335,2024-03,16165.49,10761.46,1026.77
F100335,2024-04,19983.06,12555.8,1411.18
F100335,2024-05,17133.52,10926.78,1179.28
F100335,2024-06,19230.65,10866.51,1589.19
F100335,2024-07,14523.32,8241.41,1193.56
F100335,2024-08,18433.56,11561.0,1305.79
F100335,2024-09,19012.41,12799.94,1180.37
F100335,2024-10,20138.5,13383.15,1283.52
F100335,2024-11,19971.51,12490.24,1421.44
F100335,2024-12,17878.91,10308.46,1438.39
F100335,2025-01,16374.16,11146.35,993.28
F100335,2025-02,15351.11,9835.34,1048.0
F100335,2025-03,16569.97,10583.44,1137.44
F100335,2025-04,19807.55,11503.41,1577.79
F100335,2025-05,19798.71,13323.75,1230.24
F100335,2025-06,15158.82,8623.98,1241.62
F100335,2025-07,15197.34,9584.13,1066.51
F100335,2025-08,17192.49,10378.38,1294.68
F100336,2024-03,27998.51,14514.7,2561.92
F100336,2024-04,23310.74,11920.99,2164.05
F100336,2024-05,31056.0,17767.5,2524.81
F100336,2024-06,26894.38,13861.64,2476.22
F100336,2024-07,26630.39,15523.77,2110.26
F100336,2024-08,26617.47,14781.8,2248.78
F100336,2024-09,27426.39,14163.14,2520.02
F100336,2024-10,28196.32,14135.02,2671.65
F100336,2024-11,19759.77,10797.49,1702.83
F100336,2024-12,30704.27,16277.91,2741.01
F100336,2025-01,20680.82,10624.49,1910.7
F100336,2025-02,18551.69,10223.95,1582.27
F100336,2025-03,28578.91,16698.68,2257.24
F100336,2025-04,19720.53,11451.55,1571.11
F100336,2025-05,27659.66,14165.23,2563.94
F100336,2025-06,26303.65,13308.05,2469.16
F100336,2025-07,18448.8,9420.75,1715.33
F100336,2025-08,27007.72,13647.35,2538.47
F100337,2024-03,40671.16,32643.33,1525.29
F100337,2024-04,40487.28,28684.05,2242.61
F100337,2024-05,54952.09,44935.81,1903.09
F100337,2024-06,49926.74,35172.3,2803.34
F100337,2024-07,45588.49,36410.03,1743.91
F100337,2024-08,52429.26,36179.93,3087.37
F100337,2024-09,51544.76,41884.01,1835.54
F100337,2024-10,48564.29,34229.53,2723.6
F100337,2024-11,50190.99,37985.33,2319.08
F100337,2024-12,38376.75,27917.67,1987.23
F100337,2025-01,40364.32,30363.16,1900.22
F100337,2025-02,41387.98,28470.73,2454.28
F100337,2025-03,54285.22,44106.2,1934.01
F100337,2025-04,38898.73,26833.0,2292.49
F100337,2025-05,46643.92,36829.09,1864.82
F100337,2025-06,46357.79,31589.64,2805.95
F100337,2025-07,48177.38,34832.95,2535.44
F100337,2025-08,38897.24,29290.29,1825.32
F100338,2024-03,45771.08,22601.83,4402.16
F100338,2024-04,45586.79,18619.78,5123.73
F100338,2024-05,49942.92,20636.73,5568.18
F100338,2024-06,48821.44,21217.51,5244.75
F100338,2024-07,42960.84,21148.22,4144.4
F100338,2024-08,48808.35,22937.97,4915.37
F100338,2024-09,40202.33,17654.23,4284.14
F100338,2024-10,45822.48,22310.69,4467.24
F100338,2024-11,53146.95,23167.74,5696.05
F100338,2024-12,36535.73,17056.95,3700.97
F100338,2025-01,46857.8,20769.4,4956.8
F100338,2025-02,48055.45,21017.94,5137.13
F100338,2025-03,42784.04,17812.71,4744.55
F100338,2025-04,43606.42,20154.42,4455.88
F100338,2025-05,41068.98,18759.26,4238.85
F100338,2025-06,43432.8,18042.71,4824.12
F100338,2025-07,40605.52,18285.78,4240.75
F100338,2025-08,40541.52,17770.0,4326.59
F100339,2024-03,38994.27,26407.28,2391.53
F100339,2024-04,39658.67,22668.16,3228.2
F100339,2024-05,40159.44,26868.12,2525.35
F100339,2024-06,33599.94,22195.41,2166.86
F100339,2024-07,40752.52,25915.07,2819.12
F100339,2024-08,41542.59,27144.23,2735.69
F100339,2024-09,38124.77,24733.32,2544.38
F100339,2024-10,37808.98,22286.98,2949.18
F100339,2024-11,38261.93,26410.24,2251.82
F100339,2024-12,37291.36,25785.01,2186.21
F100339,2025-01,34321.79,20536.32,2619.24
F100339,2025-02,33152.07,22709.72,1984.05
F100339,2025-03,34427.87,22821.17,2205.27
F100339,2025-04,31111.97,19600.81,2187.12
F100339,2025-05,36058.56,24933.11,2113.84
F100339,2025-06,34113.02,23055.26,2100.98
F100339,2025-07,35670.08,20400.86,2901.15
F100339,2025-08,38527.92,24503.74,2664.59
F100340,2024-03,19142.74,10143.33,1709.89
F100340,2024-04,23674.0,12598.84,2104.28
F100340,2024-05,28194.77,15286.08,2452.65
F100340,2024-06,24987.74,14640.95,1965.89
F100340,2024-07,27315.63,16619.25,2032.31
F100340,2024-08,20765.73,12113.1,1644.0
F100340,2024-09,24681.86,15033.38,1833.21
F100340,2024-10,22886.02,12849.06,1907.02
F100340,2024-11,22475.53,11453.13,2094.25
F100340,2024-12,23251.53,12194.5,2100.84
F100340,2025-01,24508.04,14844.71,1836.03
F100340,2025-02,20625.13,11473.15,1738.88
F100340,2025-03,25395.31,14148.72,2136.85
F100340,2025-04,24705.59,13852.24,2062.14
F100340,2025-05,22190.18,11738.4,1985.84
F100340,2025-06,23105.55,12122.17,2086.84
F100340,2025-07,21235.65,12147.68,1726.71
F100340,2025-08,20976.75,10787.47,1935.96
F100341,2024-03,30108.3,17949.91,2310.09
F100341,2024-04,37596.2,19196.4,3495.96
F100341,2024-05,35401.0,21546.64,2632.33
F100341,2024-06,30543.61,16701.72,2629.96
F100341,2024-07,34544.98,20146.35,2735.74
F100341,2024-08,31319.36,18877.86,2363.89
F100341,2024-09,27267.17,14027.01,2515.63
F100341,2024-10,28883.8,16266.51,2397.29
F100341,2024-11,26890.22,15211.99,2218.86
F100341,2024-12,31941.83,17498.51,2744.23
F100341,2025-01,21997.99,13390.53,1635.42
F100341,2025-02,22469.75,13525.15,1699.47
F100341,2025-03,23535.86,12991.62,2003.4
F100341,2025-04,30996.48,17817.46,2504.01
F100341,2025-05,22020.69,13354.36,1646.6
F100341,2025-06,20954.88,12056.99,1690.6
F100341,2025-07,27028.1,15930.88,2108.47
F100341,2025-08,25779.61,14951.34,2057.37
F100342,2024-03,39260.14,28349.94,2072.94
F100342,2024-04,36068.54,24266.14,2242.46
F100342,2024-05,37117.94,28561.07,1625.8
F100342,2024-06,40595.42,28951.35,2212.37
F100342,2024-07,40261.42,31072.13,1745.96
F100342,2024-08,39542.86,31175.68,1589.76
F100342,2024-09,44075.07,30935.05,2496.6
F100342,2024-10,45507.13,34601.76,2072.02
F100342,2024-11,44698.81,32338.73,2348.42
F100342,2024-12,44816.34,31389.23,2551.15
F100342,2025-01,37073.09,27797.28,1762.4
F100342,2025-02,33275.13,24854.1,1600.0
F100342,2025-03,38973.22,27739.53,2134.4
F100342,2025-04,25442.67,18375.64,1342.74
F100342,2025-05,36527.8,27226.54,1767.24
F100342,2025-06,35254.28,22955.27,2336.81
F100342,2025-07,33825.43,22934.56,2069.26
F100342,2025-08,38772.22,29327.76,1794.45
F100343,2024-03,35215.73,19308.27,3022.42
F100343,2024-04,37507.48,23471.19,2666.9
F100343,2024-05,39503.71,23326.64,3073.64
F100343,2024-06,39420.3,25964.57,2556.59
F100343,2024-07,39765.57,22262.09,3325.66
F100343,2024-08,40107.53,22196.94,3403.01
F100343,2024-09,40178.14,21850.43,3482.27
F100343,2024-10,38416.81,23490.63,2835.97
F100343,2024-11,37586.28,23304.02,2713.63
F100343,2024-12,35385.59,22799.8,2391.3
F100343,2025-01,33761.69,19543.59,2701.44
F100343,2025-02,32466.56,21188.41,2142.85
F100343,2025-03,31084.45,19785.53,2146.79
F100343,2025-04,29978.64,16227.29,2612.76
F100343,2025-05,30457.04,17539.56,2454.32
F100343,2025-06,30688.45,19309.32,2162.04
F100343,2025-07,32534.18,18417.48,2682.17
F100343,2025-08,33633.39,21616.72,2283.17
F100344,2024-03,31756.31,17759.92,2659.31
F100344,2024-04,33218.56,17071.44,3067.95
F100344,2024-05,28187.77,15672.35,2377.93
F100344,2024-06,31568.38,17755.22,2624.5
F100344,2024-07,38597.86,21520.09,3244.78
F100344,2024-08,32498.41,18195.26,2717.6
F100344,2024-09,26388.7,13605.39,2428.83
F100344,2024-10,30195.98,16550.28,2592.68
F100344,2024-11,37096.28,22838.47,2708.98
F100344,2024-12,34119.07,19389.24,2798.67
F100344,2025-01,24320.92,12725.91,2203.05
F100344,2025-02,30143.92,15442.6,2793.25
F100344,2025-03,35292.36,20157.29,2875.66
F100344,2025-04,36245.09,18691.96,3335.09
F100344,2025-05,28442.78,15131.75,2529.09
F100344,2025-06,37338.92,20198.07,3256.76
F100344,2025-07,27723.56,14618.92,2489.88
F100344,2025-08,31909.96,18018.47,2639.38
F100345,2024-03,54211.3,25259.85,5500.78
F100345,2024-04,62052.11,29359.25,6211.64
F100345,2024-05,44004.93,22745.06,4039.38
F100345,2024-06,60440.77,27694.37,6221.82
F100345,2024-07,52625.07,27123.61,4845.28
F100345,2024-08,61852.84,30477.74,5961.27
F100345,2024-09,56242.56,29484.48,5084.04
F100345,2024-10,61079.18,31545.23,5611.45
F100345,2024-11,47715.28,22775.29,4738.6
F100345,2024-12,46565.74,21796.5,4706.16
F100345,2025-01,43751.16,19410.04,4624.81
F100345,2025-02,45710.94,20884.3,4717.06
F100345,2025-03,44334.37,20269.0,4572.42
F100345,2025-04,47478.63,22818.25,4685.47
F100345,2025-05,40469.07,18525.82,4169.22
F100345,2025-06,36017.34,18963.95,3240.14
F100345,2025-07,42940.93,18761.07,4594.17
F100345,2025-08,48373.76,24925.78,4455.12
F100346,2024-03,41017.11,25375.05,2971.99
F100346,2024-04,43084.4,26864.52,3081.78
F100346,2024-05,47241.12,27542.43,3742.75
F100346,2024-06,35166.11,22563.33,2394.53
F100346,2024-07,41258.74,26646.17,2776.39
F100346,2024-08,44627.5,28896.9,2988.81
F100346,2024-09,40750.34,25992.85,2803.92
F100346,2024-10,38556.32,24254.77,2717.3
F100346,2024-11,47475.48,28354.97,3632.9
F100346,2024-12,37725.27,21564.35,3070.58
F100346,2025-01,34125.19,20264.61,2633.51
F100346,2025-02,30148.74,18236.41,2263.34
F100346,2025-03,46156.7,27874.96,3473.53
F100346,2025-04,36692.74,23717.05,2465.38
F100346,2025-05,37423.23,24135.25,2524.72
F100346,2025-06,41849.56,24127.07,3367.27
F100346,2025-07,38233.23,23111.99,2873.04
F100346,2025-08,44642.56,29885.64,2803.81
F100347,2024-03,32731.15,22128.75,2014.46
F100347,2024-04,31090.17,22108.01,1706.61
F100347,2024-05,31194.7,23703.0,1423.42
F100347,2024-06,34346.12,23639.48,2034.26
F100347,2024-07,36535.16,27456.34,1724.98
F100347,2024-08,33085.06,22134.5,2080.61
F100347,2024-09,33234.22,24964.6,1571.23
F100347,2024-10,33415.12,25657.05,1474.03
F100347,2024-11,30604.51,21430.11,1743.14
F100347,2024-12,32751.02,22876.36,1876.19
F100347,2025-01,32467.83,24836.1,1450.03
F100347,2025-02,32862.53,22867.83,1898.99
F100347,2025-03,33388.88,23133.89,1948.45
F100347,2025-04,30540.28,21041.18,1804.83
F100347,2025-05,27639.6,20979.03,1265.51
F100347,2025-06,27742.45,19907.78,1488.59
F100347,2025-07,28028.94,22352.62,1078.5
F100347,2025-08,29842.34,22753.85,1346.81
F100348,2024-03,33112.62,22802.81,1958.86
F100348,2024-04,27939.34,18978.68,1702.53
F100348,2024-05,24230.49,17976.8,1188.2
F100348,2024-06,20674.58,13659.63,1332.84
F100348,2024-07,34560.31,22599.63,2272.53
F100348,2024-08,28591.5,19295.18,1766.3
F100348,2024-09,33620.21,24649.95,1704.35
F100348,2024-10,26988.63,17340.56,1833.13
F100348,2024-11,26250.25,19208.05,1338.02
F100348,2024-12,30184.78,22232.32,1510.97
F100348,2025-01,23702.81,17044.83,1265.02
F100348,2025-02,25240.54,17399.23,1489.85
F100348,2025-03,24255.47,15336.69,1694.57
F100348,2025-04,28374.18,20060.69,1579.56
F100348,2025-05,24054.66,15971.21,1535.85
F100348,2025-06,26269.58,17273.93,1709.17
F100348,2025-07,23701.43,14571.19,1734.75
F100348,2025-08,22606.44,15475.71,1354.84
F100349,2024-03,23644.57,18738.71,932.11
F100349,2024-04,26251.21,17531.39,1656.76
F100349,2024-05,23358.21,15447.65,1503.01
F100349,2024-06,24997.62,18896.21,1159.27
F100349,2024-07,23309.8,17487.01,1106.33
F100349,2024-08,23021.92,16729.08,1195.64
F100349,2024-09,23100.41,16635.4,1228.35
F100349,2024-10,26490.28,19317.69,1362.79
F100349,2024-11,24091.48,16868.72,1372.32
F100349,2024-12,25806.6,17096.63,1654.89
F100349,2025-01,22499.39,16581.15,1124.47
F100349,2025-02,21539.67,14648.31,1309.36
F100349,2025-03,23414.86,15968.44,1414.82
F100349,2025-04,23405.74,16815.69,1252.11
F100349,2025-05,18445.09,13535.2,932.88
F100349,2025-06,22948.55,17105.72,1110.14
F100349,2025-07,23788.96,17051.93,1280.04
F100349,2025-08,24156.25,18885.26,1001.49
F100350,2024-03,65068.73,39242.87,4906.91
F100350,2024-04,61904.96,35994.28,4923.03
F100350,2024-05,58578.6,32782.79,4901.2
F100350,2024-06,77221.86,46153.01,5903.08
F100350,2024-07,55542.44,33115.88,4261.05
F100350,2024-08,69020.41,43098.96,4925.08
F100350,2024-09,68744.99,43778.34,4743.66
F100350,2024-10,63240.56,38508.93,4699.01
F100350,2024-11,67766.32,43301.66,4648.28
F100350,2024-12,52457.46,33588.75,3585.06
F100350,2025-01,53159.23,33927.22,3654.08
F100350,2025-02,40690.24,23949.45,3180.75
F100350,2025-03,57722.99,36671.2,3999.84
F100350,2025-04,50103.23,26876.69,4413.04
F100350,2025-05,57387.87,36445.67,3979.02
F100350,2025-06,50686.45,31085.59,3724.16
F100350,2025-07,53812.16,31961.04,4151.71
F100350,2025-08,64396.2,39624.86,4706.55
F100351,2024-03,58611.49,27273.76,5954.17
F100351,2024-04,33693.28,15465.1,3463.35
F100351,2024-05,50254.03,22632.83,5248.03
F100351,2024-06,65334.41,28813.46,6938.98
F100351,2024-07,52487.15,25783.2,5073.75
F100351,2024-08,56216.48,23518.94,6212.53
F100351,2024-09,54960.69,24387.22,5808.96
F100351,2024-10,46965.41,22182.43,4708.77
F100351,2024-11,45099.92,18991.31,4960.64
F100351,2024-12,52830.35,26226.93,5054.65
F100351,2025-01,33668.67,15646.46,3424.22
F100351,2025-02,47901.04,20136.06,5275.35
F100351,2025-03,45616.51,22381.26,4414.7
F100351,2025-04,25711.42,12042.96,2597.01
F100351,2025-05,20874.42,9595.82,2142.94
F100351,2025-06,55450.3,26186.58,5560.11
F100351,2025-07,48868.9,21008.24,5293.53
F100351,2025-08,40590.43,18519.56,4193.46
F100352,2024-03,40288.53,18198.54,4197.1
F100352,2024-04,43277.88,20261.0,4373.21
F100352,2024-05,49338.79,22447.47,5109.35
F100352,2024-06,49801.33,20994.29,5473.34
F100352,2024-07,55800.32,23441.5,6148.18
F100352,2024-08,49467.74,21561.96,5302.1
F100352,2024-09,48338.54,21489.59,5101.3
F100352,2024-10,47723.26,22694.06,4755.55
F100352,2024-11,45241.53,18824.12,5019.31
F100352,2024-12,42564.73,19607.25,4361.92
F100352,2025-01,42354.15,19066.32,4424.69
F100352,2025-02,37236.54,18538.2,3552.68
F100352,2025-03,32049.55,14891.23,3260.08
F100352,2025-04,37969.35,17884.24,3816.17
F100352,2025-05,39729.83,19776.08,3791.21
F100352,2025-06,32484.6,13931.89,3525.01
F100352,2025-07,43025.46,18044.46,4746.39
F100352,2025-08,41288.15,17131.1,4589.84
F100353,2024-03,33940.25,19641.63,2716.74
F100353,2024-04,38952.06,21684.62,3280.81
F100353,2024-05,34683.2,17381.25,3287.37
F100353,2024-06,39451.57,22340.51,3251.1
F100353,2024-07,38928.38,20082.12,3580.79
F100353,2024-08,46127.63,23136.42,4368.33
F100353,2024-09,36982.26,18894.45,3436.68
F100353,2024-10,44130.9,23767.49,3869.05
F100353,2024-11,37316.41,21065.92,3087.59
F100353,2024-12,34835.27,20672.15,2690.99
F100353,2025-01,36204.96,18536.45,3357.02
F100353,2025-02,27902.58,15423.6,2371.01
F100353,2025-03,28608.34,15995.31,2396.48
F100353,2025-04,39564.8,21572.23,3418.59
F100353,2025-05,38812.24,21240.04,3338.72
F100353,2025-06,27540.97,16278.77,2139.82
F100353,2025-07,28429.54,17043.03,2163.44
F100353,2025-08,27458.17,14223.7,2514.55
F100354,2024-03,35902.43,16036.67,3774.49
F100354,2024-04,40255.59,19113.11,4017.07
F100354,2024-05,31538.19,14825.95,3175.33
F100354,2024-06,43728.08,19721.87,4561.18
F100354,2024-07,42848.41,19500.99,4436.01
F100354,2024-08,27991.66,11455.05,3141.96
F100354,2024-09,39357.36,17206.13,4208.73
F100354,2024-10,32068.79,15693.75,3111.26
F100354,2024-11,31860.39,14110.16,3372.54
F100354,2024-12,30032.5,13735.49,3096.43
F100354,2025-01,47629.8,23281.44,4626.19
F100354,2025-02,35660.27,16257.73,3686.48
F100354,2025-03,33179.33,14521.69,3544.95
F100354,2025-04,30706.59,15128.08,2959.92
F100354,2025-05,35022.49,14910.11,3821.35
F100354,2025-06,24468.64,11812.19,2404.72
F100354,2025-07,22695.55,10094.16,2394.27
F100354,2025-08,36547.65,16374.72,3832.86
F100355,2024-03,30647.43,16078.9,2768.02
F100355,2024-04,43675.61,24684.47,3608.32
F100355,2024-05,44705.66,27361.75,3295.34
F100355,2024-06,70525.01,42205.77,5380.65
F100355,2024-07,45492.87,26765.2,3558.26
F100355,2024-08,58255.3,31474.02,5088.44
F100355,2024-09,42024.92,22100.83,3785.58
F100355,2024-10,41990.36,25596.65,3114.81
F100355,2024-11,28548.02,15127.62,2549.87
F100355,2024-12,43600.05,24034.65,3717.43
F100355,2025-01,46381.05,26594.88,3759.37
F100355,2025-02,40189.22,23257.33,3217.06
F100355,2025-03,38535.71,20645.61,3399.12
F100355,2025-04,31854.97,17368.9,2752.35
F100355,2025-05,45777.96,26058.28,3746.74
F100355,2025-06,50605.54,27015.04,4482.19
F100355,2025-07,44610.63,26947.19,3356.05
F100355,2025-08,39250.89,20752.57,3514.68
F100356,2024-03,50080.04,25021.72,4761.08
F100356,2024-04,58591.36,26856.2,6029.68
F100356,2024-05,55501.85,27478.11,5324.51
F100356,2024-06,47859.2,22031.89,4907.19
F100356,2024-07,53869.8,25804.63,5332.38
F100356,2024-08,48980.95,23991.4,4748.01
F100356,2024-09,56534.63,28078.51,5406.66
F100356,2024-10,50721.25,23739.6,5126.51
F100356,2024-11,48347.05,21459.62,5108.61
F100356,2024-12,47710.21,22810.46,4730.95
F100356,2025-01,47481.59,20308.25,5162.93
F100356,2025-02,54179.67,27238.21,5118.88
F100356,2025-03,47487.44,21594.39,4919.68
F100356,2025-04,50717.23,23482.74,5174.55
F100356,2025-05,50674.41,24120.63,5045.22
F100356,2025-06,50133.98,25227.11,4732.3
F100356,2025-07,47397.16,23520.11,4536.64
F100356,2025-08,49506.21,24256.23,4797.5
F100357,2024-03,66105.65,35724.28,5772.46
F100357,2024-04,66428.68,33680.28,6222.2
F100357,2024-05,63422.9,32538.71,5868.0
F100357,2024-06,59138.1,33613.25,4849.72
F100357,2024-07,64914.41,33160.74,6033.2
F100357,2024-08,73200.95,37943.76,6698.87
F100357,2024-09,56711.46,28999.77,5265.22
F100357,2024-10,59997.7,30350.47,5632.97
F100357,2024-11,57381.25,29101.5,5373.15
F100357,2024-12,58247.75,32297.33,4930.58
F100357,2025-01,73535.57,41630.24,6062.01
F100357,2025-02,60588.53,34533.25,4950.5
F100357,2025-03,58685.67,28350.62,5763.66
F100357,2025-04,47904.96,25787.46,4202.32
F100357,2025-05,70182.96,38001.05,6114.56
F100357,2025-06,57757.14,30988.1,5086.12
F100357,2025-07,64315.69,37023.11,5185.59
F100357,2025-08,69040.69,35243.25,6421.51
F100358,2024-03,45767.69,23042.68,4317.75
F100358,2024-04,41196.74,22903.16,3475.78
F100358,2024-05,51390.26,29038.88,4246.76
F100358,2024-06,45899.72,24601.29,4046.7
F100358,2024-07,36167.48,19650.55,3138.22
F100358,2024-08,49534.53,24863.56,4687.48
F100358,2024-09,40879.9,23297.32,3340.69
F100358,2024-10,37347.19,19863.14,3321.97
F100358,2024-11,49635.89,25528.66,4580.37
F100358,2024-12,41893.5,24107.69,3379.3
F100358,2025-01,37930.06,18842.25,3626.68
F100358,2025-02,34378.04,19414.84,2843.01
F100358,2025-03,37168.6,21525.38,2972.21
F100358,2025-04,45261.68,23810.11,4075.8
F100358,2025-05,39865.4,20329.89,3711.75
F100358,2025-06,38695.27,21778.39,3214.21
F100358,2025-07,34250.24,19280.13,2844.32
F100358,2025-08,38628.82,23014.88,2966.65
F100359,2024-03,43360.7,23355.64,3800.96
F100359,2024-04,30271.55,17226.45,2478.57
F100359,2024-05,34749.03,18249.33,3134.94
F100359,2024-06,32793.98,20841.79,2270.92
F100359,2024-07,38790.09,22667.51,3063.29
F100359,2024-08,39529.17,22639.34,3209.07
F100359,2024-09,34983.26,21926.43,2480.8
F100359,2024-10,40842.7,21647.67,3647.06
F100359,2024-11,35234.39,20457.23,2807.66
F100359,2024-12,32723.44,19903.17,2435.85
F100359,2025-01,37742.87,21297.62,3124.6
F100359,2025-02,31326.7,18502.14,2436.67
F100359,2025-03,29722.01,15948.09,2617.05
F100359,2025-04,30069.84,18585.67,2181.99
F100359,2025-05,33103.26,19612.79,2563.19
F100359,2025-06,25415.03,14680.01,2039.65
F100359,2025-07,31917.71,19703.41,2320.72
F100359,2025-08,36685.02,19420.36,3280.28
F100360,2024-03,41624.91,21996.07,3729.48
F100360,2024-04,50616.1,27394.66,4412.07
F100360,2024-05,47487.97,28514.36,3604.99
F100360,2024-06,37842.6,22564.11,2902.91
F100360,2024-07,38461.55,20219.38,3466.01
F100360,2024-08,44828.11,23636.04,4026.49
F100360,2024-09,63300.16,37654.77,4872.62
F100360,2024-10,53667.34,31784.32,4157.77
F100360,2024-11,48832.06,26849.97,4176.6
F100360,2024-12,52489.48,31026.25,4078.01
F100360,2025-01,38045.95,20862.45,3264.86
F100360,2025-02,42117.23,22569.0,3714.16
F100360,2025-03,33465.88,17284.85,3074.4
F100360,2025-04,37466.36,22887.09,2770.06
F100360,2025-05,39478.95,20540.9,3598.23
F100360,2025-06,41967.82,22403.4,3717.24
F100360,2025-07,46369.4,23778.51,4292.27
F100360,2025-08,45964.52,24555.95,4067.63
F100361,2024-03,47212.18,30115.51,3248.37
F100361,2024-04,57952.53,38500.44,3695.9
F100361,2024-05,53181.87,36113.26,3243.04
F100361,2024-06,51209.96,30554.31,3924.57
F100361,2024-07,61522.68,39857.54,4116.38
F100361,2024-08,57985.0,37393.58,3912.37
F100361,2024-09,41661.77,25981.21,2979.31
F100361,2024-10,50003.76,32440.56,3337.01
F100361,2024-11,49346.44,28616.73,3938.64
F100361,2024-12,47196.83,30382.26,3194.77
F100361,2025-01,50213.16,32578.98,3350.49
F100361,2025-02,50857.86,34363.47,3133.93
F100361,2025-03,51592.79,31620.9,3794.66
F100361,2025-04,42194.7,27632.61,2766.8
F100361,2025-05,44158.1,27703.15,3126.44
F100361,2025-06,47582.48,29245.08,3484.1
F100361,2025-07,55709.25,34444.51,4040.3
F100361,2025-08,50158.58,28807.64,4056.68
F100362,2024-03,63023.58,43999.1,3614.65
F100362,2024-04,68128.59,41579.44,5044.34
F100362,2024-05,64622.45,44631.95,3798.2
F100362,2024-06,61205.88,44589.7,3157.07
F100362,2024-07,68287.98,42937.78,4816.54
F100362,2024-08,74664.73,54176.27,3892.81
F100362,2024-09,63972.68,43922.12,3809.61
F100362,2024-10,48832.13,29848.67,3606.86
F100362,2024-11,52851.14,31636.51,4030.78
F100362,2024-12,62273.45,43856.24,3499.27
F100362,2025-01,55698.24,38470.35,3273.3
F100362,2025-02,51683.27,31981.42,3743.35
F100362,2025-03,53494.77,38115.35,2922.09
F100362,2025-04,55524.33,38141.13,3302.81
F100362,2025-05,41062.12,26700.87,2728.64
F100362,2025-06,55360.38,35298.04,3811.84
F100362,2025-07,51328.98,34819.03,3136.89
F100362,2025-08,52656.34,31661.88,3988.95
F100363,2024-03,56062.31,33795.57,4230.68
F100363,2024-04,57765.74,37180.03,3911.28
F100363,2024-05,60208.08,37051.65,4399.72
F100363,2024-06,53420.52,34821.14,3533.88
F100363,2024-07,57173.26,37346.7,3767.05
F100363,2024-08,63963.32,43635.35,3862.32
F100363,2024-09,58318.37,38161.27,3829.85
F100363,2024-10,60310.17,38801.72,4086.6
F100363,2024-11,60065.36,35699.55,4629.5
F100363,2024-12,51825.54,31937.32,3778.76
F100363,2025-01,51128.15,34967.32,3070.56
F100363,2025-02,49930.59,33436.19,3133.94
F100363,2025-03,50100.14,31375.75,3557.63
F100363,2025-04,51724.17,34622.55,3249.31
F100363,2025-05,47845.58,28475.87,3680.24
F100363,2025-06,59882.65,35648.05,4604.57
F100363,2025-07,53518.54,33905.07,3726.56
F100363,2025-08,48565.43,31435.75,3254.64
F100364,2024-03,32986.09,14402.51,3530.88
F100364,2024-04,40579.51,17608.29,4364.53
F100364,2024-05,37678.51,18839.37,3579.44
F100364,2024-06,36422.0,16822.54,3723.9
F100364,2024-07,41448.54,18291.66,4399.81
F100364,2024-08,39770.33,17511.4,4229.2
F100364,2024-09,38807.7,16891.13,4164.15
F100364,2024-10,43430.43,19953.89,4460.54
F100364,2024-11,34887.8,18232.78,3164.45
F100364,2024-12,27287.89,14127.32,2500.51
F100364,2025-01,32287.85,14618.15,3357.24
F100364,2025-02,30172.8,13022.78,3258.5
F100364,2025-03,28098.74,12649.06,2935.44
F100364,2025-04,26830.02,12484.78,2725.59
F100364,2025-05,30803.25,15439.87,2919.04
F100364,2025-06,27109.86,12987.36,2683.27
F100364,2025-07,31248.01,16188.49,2861.31
F100364,2025-08,33328.85,16167.4,3260.68
F100365,2024-03,62190.42,50291.9,2260.72
F100365,2024-04,55459.71,41468.59,2658.31
F100365,2024-05,60566.65,46390.86,2693.4
F100365,2024-06,60338.69,44940.97,2925.57
F100365,2024-07,59039.6,46679.47,2348.43
F100365,2024-08,61842.88,46761.71,2865.42
F100365,2024-09,64646.29,47674.38,3224.66
F100365,2024-10,59181.61,40256.41,3595.79
F100365,2024-11,63604.23,47105.87,3134.69
F100365,2024-12,56363.94,44039.02,2341.73
F100365,2025-01,61676.56,42360.96,3669.96
F100365,2025-02,50435.31,34743.26,2981.49
F100365,2025-03,55374.47,42220.76,2499.2
F100365,2025-04,48582.42,35088.48,2563.85
F100365,2025-05,45598.97,32092.34,2566.26
F100365,2025-06,48446.49,38247.46,1937.82
F100365,2025-07,49154.37,35153.56,2660.15
F100365,2025-08,59345.63,42852.48,3133.7
F100366,2024-03,43421.67,20875.08,4283.85
F100366,2024-04,31065.25,15423.34,2971.96
F100366,2024-05,49877.49,24008.81,4915.05
F100366,2024-06,39301.04,20769.72,3520.95
F100366,2024-07,39271.23,19824.43,3694.89
F100366,2024-08,33764.42,16489.95,3282.15
F100366,2024-09,37972.2,19457.46,3517.8
F100366,2024-10,31535.84,16892.86,2782.17
F100366,2024-11,36888.82,17342.78,3713.75
F100366,2024-12,26094.64,13502.62,2392.48
F100366,2025-01,32924.26,16796.67,3064.24
F100366,2025-02,31157.62,14546.56,3156.1
F100366,2025-03,26638.87,12496.67,2687.02
F100366,2025-04,31823.28,15020.14,3192.6
F100366,2025-05,26187.27,12811.61,2541.37
F100366,2025-06,24908.16,11501.45,2547.28
F100366,2025-07,35925.64,16819.1,3630.24
F100366,2025-08,27058.46,12329.23,2798.55
F100367,2024-03,59870.33,43290.35,3150.2
F100367,2024-04,54330.11,38955.82,2921.12
F100367,2024-05,54785.48,37741.32,3238.39
F100367,2024-06,52117.93,38217.61,2641.06
F100367,2024-07,61498.8,43193.48,3478.01
F100367,2024-08,57104.99,41576.99,2950.32
F100367,2024-09,67001.77,51014.58,3037.57
F100367,2024-10,56742.78,43135.22,2585.44
F100367,2024-11,54670.25,37823.82,3200.82
F100367,2024-12,54290.32,35697.38,3532.66
F100367,2025-01,50494.36,32957.33,3332.04
F100367,2025-02,52009.55,40490.5,2188.62
F100367,2025-03,41318.49,28872.02,2364.83
F100367,2025-04,45534.0,34446.26,2106.67
F100367,2025-05,43362.89,31600.05,2234.94
F100367,2025-06,47311.23,37157.72,1929.17
F100367,2025-07,43961.28,30076.23,2638.16
F100367,2025-08,45330.72,35108.17,1942.28
F100368,2024-03,33906.52,18813.52,2867.67
F100368,2024-04,42699.53,24566.43,3445.29
F100368,2024-05,42157.88,27384.47,2806.95
F100368,2024-06,49105.48,29557.05,3714.2
F100368,2024-07,44573.46,28273.97,3096.9
F100368,2024-08,43467.3,28147.82,2910.7
F100368,2024-09,39971.01,23887.39,3055.89
F100368,2024-10,42607.97,26434.64,3072.93
F100368,2024-11,50494.03,33801.44,3171.59
F100368,2024-12,36263.0,21625.84,2781.06
F100368,2025-01,42585.12,25111.01,3320.08
F100368,2025-02,36824.32,20217.11,3155.37
F100368,2025-03,40611.24,22418.84,3456.56
F100368,2025-04,35717.96,21610.94,2680.33
F100368,2025-05,38385.88,25080.66,2527.99
F100368,2025-06,47839.99,30635.14,3268.92
F100368,2025-07,39280.18,25345.08,2647.67
F100368,2025-08,39494.02,24484.49,2851.81
F100369,2024-03,12522.22,6125.07,1215.46
F100369,2024-04,12697.06,6520.32,1173.58
F100369,2024-05,14807.91,6924.83,1497.79
F100369,2024-06,13097.63,6307.45,1290.14
F100369,2024-07,14693.99,7223.3,1419.43
F100369,2024-08,13421.3,6132.02,1384.96
F100369,2024-09,14502.66,6817.33,1460.21
F100369,2024-10,13618.44,7363.76,1188.39
F100369,2024-11,12362.42,6780.23,1060.62
F100369,2024-12,13165.42,5990.13,1363.31
F100369,2025-01,12096.91,6122.45,1135.15
F100369,2025-02,11516.56,5696.5,1105.81
F100369,2025-03,11441.94,5363.72,1154.86
F100369,2025-04,13281.36,6440.17,1299.83
F100369,2025-05,11810.58,6370.61,1033.59
F100369,2025-06,9654.19,4419.32,994.63
F100369,2025-07,13014.84,6463.3,1244.79
F100369,2025-08,13306.6,6155.54,1358.7
F100370,2024-03,61438.14,26933.84,6555.82
F100370,2024-04,34564.49,17704.41,3203.42
F100370,2024-05,45541.82,22977.05,4287.31
F100370,2024-06,35861.62,15923.74,3788.2
F100370,2024-07,28173.92,13046.5,2874.21
F100370,2024-08,42275.59,19875.81,4255.96
F100370,2024-09,40729.07,17700.01,4375.52
F100370,2024-10,36783.02,17768.48,3612.76
F100370,2024-11,38793.65,18030.44,3945.01
F100370,2024-12,42302.38,21149.83,4018.98
F100370,2025-01,53539.19,27347.24,4976.47
F100370,2025-02,42992.73,21837.18,4019.55
F100370,2025-03,33340.88,17525.96,3004.83
F100370,2025-04,42809.52,20464.69,4245.52
F100370,2025-05,57178.09,29044.74,5345.34
F100370,2025-06,44390.62,19831.79,4666.18
F100370,2025-07,46447.27,21682.6,4705.29
F100370,2025-08,33226.86,16973.13,3088.21
F100371,2024-03,35415.65,21741.71,2598.05
F100371,2024-04,30247.21,20986.09,1759.61
F100371,2024-05,39302.68,24318.66,2846.96
F100371,2024-06,39690.71,26319.8,2540.47
F100371,2024-07,52640.67,32400.8,3845.58
F100371,2024-08,50714.58,29998.18,3936.12
F100371,2024-09,49488.65,33896.3,2962.55
F100371,2024-10,42775.31,26403.04,3110.73
F100371,2024-11,34252.74,20408.69,2630.37
F100371,2024-12,37003.78,25955.54,2099.17
F100371,2025-01,30777.64,19940.97,2058.97
F100371,2025-02,44141.12,30709.88,2551.94
F100371,2025-03,25229.28,16050.99,1743.88
F100371,2025-04,21784.34,13850.46,1507.44
F100371,2025-05,36168.37,21927.8,2705.71
F100371,2025-06,21934.51,13117.39,1675.25
F100371,2025-07,35475.59,20743.89,2799.02
F100371,2025-08,37664.06,26508.52,2119.55
F100372,2024-03,26791.06,14803.18,2277.7
F100372,2024-04,19940.4,11414.03,1620.01
F100372,2024-05,28040.65,14798.49,2516.01
F100372,2024-06,30333.88,17682.81,2403.7
F100372,2024-07,26406.55,14025.49,2352.4
F100372,2024-08,29393.23,17385.42,2281.48
F100372,2024-09,30238.96,18128.42,2301.0
F100372,2024-10,24670.71,12503.55,2311.76
F100372,2024-11,23960.41,12237.61,2227.33
F100372,2024-12,24936.15,13177.84,2234.08
F100372,2025-01,23821.44,11983.13,2249.28
F100372,2025-02,23080.43,11670.77,2167.84
F100372,2025-03,23256.62,12518.48,2040.25
F100372,2025-04,17887.84,9428.62,1607.25
F100372,2025-05,22330.86,13061.72,1761.14
F100372,2025-06,24199.46,13223.94,2085.35
F100372,2025-07,21020.08,10856.49,1931.08
F100372,2025-08,25046.9,14777.18,1951.25
F100373,2024-03,58804.17,33205.42,4863.76
F100373,2024-04,50838.5,24777.84,4951.53
F100373,2024-05,58641.84,33250.04,4824.44
F100373,2024-06,54468.49,25965.25,5415.62
F100373,2024-07,57312.11,27855.2,5596.81
F100373,2024-08,42925.33,19977.78,4360.03
F100373,2024-09,49486.23,27329.26,4209.82
F100373,2024-10,44298.34,23677.62,3917.94
F100373,2024-11,56400.81,27775.77,5438.76
F100373,2024-12,54107.26,28334.23,4896.88
F100373,2025-01,39343.28,19849.42,3703.83
F100373,2025-02,59845.97,29815.39,5705.81
F100373,2025-03,41976.35,22310.71,3736.47
F100373,2025-04,51327.1,28873.22,4266.24
F100373,2025-05,63756.38,29867.34,6438.92
F100373,2025-06,43973.09,23945.06,3805.32
F100373,2025-07,42945.04,20690.65,4228.34
F100373,2025-08,56062.41,26464.59,5623.59
F100374,2024-03,57481.01,24430.79,6279.54
F100374,2024-04,56323.67,28832.44,5223.33
F100374,2024-05,52923.92,26498.51,5020.83
F100374,2024-06,62387.7,29070.87,6330.2
F100374,2024-07,52551.05,24429.54,5343.09
F100374,2024-08,67832.85,32614.94,6691.4
F100374,2024-09,61106.42,28502.28,6194.79
F100374,2024-10,66117.85,31837.76,6513.22
F100374,2024-11,49102.86,22942.17,4970.53
F100374,2024-12,58986.79,29788.59,5547.66
F100374,2025-01,60207.16,28994.79,5930.35
F100374,2025-02,56575.08,24551.36,6084.51
F100374,2025-03,42349.07,21602.43,3941.86
F100374,2025-04,48403.22,21018.73,5203.05
F100374,2025-05,42211.88,19120.92,4387.28
F100374,2025-06,53207.86,24976.94,5363.88
F100374,2025-07,53338.54,22757.34,5810.43
F100374,2025-08,40860.99,19250.54,4105.99
F100375,2024-03,55822.98,39622.54,3078.08
F100375,2024-04,55740.68,39228.14,3137.38
F100375,2024-05,50571.71,31289.71,3663.58
F100375,2024-06,54205.52,34424.32,3758.43
F100375,2024-07,63678.6,45605.23,3433.94
F100375,2024-08,59217.46,37186.17,4185.94
F100375,2024-09,58990.42,41364.25,3348.97
F100375,2024-10,53613.16,35009.86,3534.63
F100375,2024-11,55038.24,34248.25,3950.1
F100375,2024-12,54160.77,38270.55,3019.14
F100375,2025-01,53454.22,37247.01,3079.37
F100375,2025-02,46820.61,34658.67,2310.77
F100375,2025-03,49381.29,36416.6,2463.29
F100375,2025-04,46515.06,32324.97,2696.12
F100375,2025-05,47468.38,33458.49,2661.88
F100375,2025-06,50161.76,35716.8,2744.54
F100375,2025-07,54919.33,38986.87,3027.17
F100375,2025-08,46782.39,28819.61,3412.93
F100376,2024-03,26576.34,11664.86,2833.18
F100376,2024-04,21942.53,10671.18,2141.56
F100376,2024-05,24993.78,11031.8,2652.78
F100376,2024-06,26530.61,13562.78,2463.89
F100376,2024-07,23295.91,11493.48,2242.46
F100376,2024-08,26994.96,12617.94,2731.63
F100376,2024-09,26098.28,13596.11,2375.41
F100376,2024-10,27290.28,12438.68,2821.8
F100376,2024-11,26304.43,13431.16,2445.92
F100376,2024-12,21279.99,9835.08,2174.53
F100376,2025-01,24619.25,12597.7,2284.09
F100376,2025-02,21395.98,10084.29,2149.22
F100376,2025-03,22452.68,9752.16,2413.1
F100376,2025-04,23502.92,10651.6,2441.75
F100376,2025-05,24095.7,11390.7,2413.95
F100376,2025-06,24926.64,10822.46,2679.79
F100376,2025-07,22291.93,11161.09,2114.86
F100376,2025-08,24330.09,11899.03,2361.9
F100377,2024-03,47037.57,34277.76,2424.36
F100377,2024-04,50785.53,39066.72,2226.57
F100377,2024-05,52411.87,35953.65,3127.06
F100377,2024-06,56202.23,44220.88,2276.46
F100377,2024-07,57324.55,41479.3,3010.6
F100377,2024-08,51332.25,41607.12,1847.77
F100377,2024-09,50836.41,39017.15,2245.66
F100377,2024-10,58324.88,44202.16,2683.32
F100377,2024-11,61594.15,43006.69,3531.62
F100377,2024-12,49995.46,36774.98,2511.89
F100377,2025-01,42016.06,33539.52,1610.54
F100377,2025-02,49558.21,39960.14,1823.63
F100377,2025-03,47662.5,35043.17,2397.67
F100377,2025-04,47268.84,37836.88,1792.07
F100377,2025-05,45020.38,33664.38,2157.64
F100377,2025-06,45844.83,31913.83,2646.89
F100377,2025-07,50831.2,35050.78,2998.28
F100377,2025-08,48906.28,38846.24,1911.41
F100378,2024-03,39015.12,26784.52,2323.81
F100378,2024-04,36529.78,26534.4,1899.12
F100378,2024-05,44869.53,30592.39,2712.66
F100378,2024-06,46101.65,34512.23,2201.99
F100378,2024-07,42160.21,32747.32,1788.45
F100378,2024-08,46989.88,32340.6,2783.36
F100378,2024-09,46011.28,31521.93,2752.98
F100378,2024-10,40900.02,32129.31,1666.43
F100378,2024-11,38674.15,31175.13,1424.81
F100378,2024-12,36793.37,25004.41,2239.9
F100378,2025-01,29807.41,20579.25,1753.35
F100378,2025-02,36659.4,27894.07,1665.41
F100378,2025-03,35325.71,26197.27,1734.4
F100378,2025-04,35433.96,28096.65,1394.09
F100378,2025-05,34629.14,24434.17,1937.04
F100378,2025-06,35017.62,26787.23,1563.78
F100378,2025-07,37888.5,30071.8,1485.17
F100378,2025-08,39498.66,30407.9,1727.24
F100379,2024-03,11556.35,5262.48,1195.84
F100379,2024-04,10271.29,4462.31,1103.71
F100379,2024-05,16007.76,6937.38,1723.37
F100379,2024-06,12391.46,5433.88,1321.94
F100379,2024-07,12573.2,5304.41,1381.07
F100379,2024-08,14061.07,6533.27,1430.28
F100379,2024-09,13346.17,5772.07,1439.08
F100379,2024-10,12425.12,5344.35,1345.35
F100379,2024-11,13412.74,6488.39,1315.63
F100379,2024-12,11964.37,6077.78,1118.45
F100379,2025-01,10204.79,4523.06,1079.53
F100379,2025-02,10814.05,4759.15,1150.43
F100379,2025-03,11009.41,5444.63,1057.31
F100379,2025-04,11836.5,5220.74,1257.0
F100379,2025-05,8145.43,3833.41,819.28
F100379,2025-06,11098.12,4936.84,1170.64
F100379,2025-07,9716.79,4169.99,1053.89
F100379,2025-08,10740.11,5125.39,1066.8
F100380,2024-03,60830.0,39678.39,4018.8
F100380,2024-04,62237.65,42468.97,3756.05
F100380,2024-05,66541.12,41913.71,4679.21
F100380,2024-06,68939.38,47759.49,4024.18
F100380,2024-07,57931.54,37432.42,3894.83
F100380,2024-08,66835.53,47357.86,3700.76
F100380,2024-09,58573.53,44223.22,2726.56
F100380,2024-10,66288.94,44169.14,4202.76
F100380,2024-11,61506.91,44557.2,3220.44
F100380,2024-12,60614.07,39571.29,3998.13
F100380,2025-01,59806.92,40106.58,3743.06
F100380,2025-02,48364.22,34586.22,2617.82
F100380,2025-03,49669.83,33460.97,3079.68
F100380,2025-04,49523.82,31849.98,3358.03
F100380,2025-05,55186.32,38174.89,3232.17
F100380,2025-06,54102.87,37784.03,3100.58
F100380,2025-07,52259.06,36170.24,3056.88
F100380,2025-08,54278.19,39165.15,2871.48
F100381,2024-03,46641.23,35559.49,2105.53
F100381,2024-04,45440.73,34037.17,2166.68
F100381,2024-05,51190.98,33886.05,3287.94
F100381,2024-06,48343.79,32408.52,3027.7
F100381,2024-07,59621.6,44701.37,2834.84
F100381,2024-08,51924.29,38389.27,2571.65
F100381,2024-09,58614.97,38680.72,3787.51
F100381,2024-10,46871.71,36439.9,1982.04
F100381,2024-11,49425.68,36697.0,2418.45
F100381,2024-12,34836.33,22881.79,2271.36
F100381,2025-01,47278.35,36619.37,2025.21
F100381,2025-02,39839.95,28340.99,2184.8
F100381,2025-03,45465.59,31493.31,2654.73
F100381,2025-04,40361.51,27114.06,2517.02
F100381,2025-05,60399.23,45399.66,2849.92
F100381,2025-06,36758.94,28652.92,1540.14
F100381,2025-07,51358.94,35557.35,3002.3
F100381,2025-08,42883.93,30756.07,2304.29
F100382,2024-03,32639.01,14058.02,3530.39
F100382,2024-04,29483.86,14489.28,2848.97
F100382,2024-05,32684.06,14513.55,3452.4
F100382,2024-06,34913.91,17596.08,3290.39
F100382,2024-07,36690.84,15953.53,3940.09
F100382,2024-08,43457.22,20132.21,4431.75
F100382,2024-09,24603.41,11613.76,2468.03
F100382,2024-10,42565.96,19994.48,4288.58
F100382,2024-11,35182.49,17036.79,3447.68
F100382,2024-12,35623.08,17091.61,3520.98
F100382,2025-01,28406.0,14616.22,2620.06
F100382,2025-02,28531.47,14702.55,2627.5
F100382,2025-03,27415.5,13544.72,2635.45
F100382,2025-04,27509.62,12611.87,2830.57
F100382,2025-05,30674.66,15463.78,2890.07
F100382,2025-06,31331.0,13809.61,3329.07
F100382,2025-07,23932.05,11699.41,2324.2
F100382,2025-08,34376.0,17591.8,3189.0
F100383,2024-03,31840.5,15915.83,3025.69
F100383,2024-04,32390.54,15823.11,3147.81
F100383,2024-05,35998.76,19588.53,3117.94
F100383,2024-06,34620.2,15833.04,3569.56
F100383,2024-07,36197.85,18184.33,3422.57
F100383,2024-08,37010.78,20176.3,3198.55
F100383,2024-09,30208.9,15387.25,2816.11
F100383,2024-10,39032.1,18602.85,3881.56
F100383,2024-11,36626.01,16664.64,3792.66
F100383,2024-12,31583.06,14602.68,3226.27
F100383,2025-01,30935.02,14941.67,3038.74
F100383,2025-02,28357.15,14057.97,2716.84
F100383,2025-03,27097.0,14621.52,2370.34
F100383,2025-04,29806.51,13783.13,3044.44
F100383,2025-05,29125.71,15682.2,2554.27
F100383,2025-06,32755.15,15497.81,3278.89
F100383,2025-07,28706.4,14920.32,2619.35
F100383,2025-08,26777.87,12567.3,2700.01
F100384,2024-03,37218.28,27154.91,1912.04
F100384,2024-04,32955.01,24268.02,1650.53
F100384,2024-05,28843.37,22393.03,1225.56
F100384,2024-06,25945.35,17374.65,1628.43
F100384,2024-07,23456.54,15199.08,1568.92
F100384,2024-08,30074.84,21463.51,1636.15
F100384,2024-09,26352.51,17521.63,1677.87
F100384,2024-10,16765.18,11959.34,913.11
F100384,2024-11,33767.56,23327.72,1983.57
F100384,2024-12,33994.24,26486.0,1426.57
F100384,2025-01,28465.46,21160.05,1388.03
F100384,2025-02,21996.01,16990.78,951.0
F100384,2025-03,24833.62,19454.46,1022.04
F100384,2025-04,32366.85,21663.57,2033.62
F100384,2025-05,22089.53,16667.58,1030.17
F100384,2025-06,25907.42,18664.86,1376.09
F100384,2025-07,17484.73,13571.02,743.61
F100384,2025-08,18846.16,13962.81,927.84
F100385,2024-03,23744.11,14853.87,1689.15
F100385,2024-04,28969.9,18356.79,2016.49
F100385,2024-05,40691.66,24716.72,3035.24
F100385,2024-06,37451.28,23486.78,2653.25
F100385,2024-07,44664.45,28724.45,3028.6
F100385,2024-08,43993.31,31185.54,2433.48
F100385,2024-09,30211.9,18662.32,2194.42
F100385,2024-10,32190.32,21576.59,2016.61
F100385,2024-11,39130.82,28662.56,1988.97
F100385,2024-12,31909.84,20987.65,2075.21
F100385,2025-01,34150.25,23978.6,1932.61
F100385,2025-02,36010.56,24425.04,2201.25
F100385,2025-03,32272.79,20233.59,2287.45
F100385,2025-04,30904.14,22589.29,1579.82
F100385,2025-05,26603.3,17198.91,1786.83
F100385,2025-06,33999.89,20494.32,2566.06
F100385,2025-07,26736.07,18294.96,1603.81
F100385,2025-08,36243.12,22429.03,2624.68
F100386,2024-03,51190.15,26073.74,4772.12
F100386,2024-04,54402.54,30291.38,4581.12
F100386,2024-05,49481.02,29617.83,3774.01
F100386,2024-06,45153.26,24548.18,3914.97
F100386,2024-07,58428.14,29803.57,5438.67
F100386,2024-08,53849.69,30083.06,4515.66
F100386,2024-09,50786.36,29966.96,3955.69
F100386,2024-10,48393.53,28127.94,3850.46
F100386,2024-11,45950.37,25483.02,3888.8
F100386,2024-12,42812.84,22018.4,3950.94
F100386,2025-01,45730.38,23786.46,4169.35
F100386,2025-02,41755.47,21471.71,3853.92
F100386,2025-03,43634.5,23154.52,3891.2
F100386,2025-04,40432.76,20734.25,3742.72
F100386,2025-05,41132.62,21211.68,3784.98
F100386,2025-06,41235.23,24448.38,3189.5
F100386,2025-07,43378.52,21980.68,4065.59
F100386,2025-08,42814.05,24288.91,3519.78
F100387,2024-03,56577.58,40601.14,3035.52
F100387,2024-04,41697.84,30232.21,2178.47
F100387,2024-05,59449.35,41415.28,3426.47
F100387,2024-06,67545.53,49878.37,3356.76
F100387,2024-07,59910.29,44859.54,2859.64
F100387,2024-08,57186.42,37524.04,3735.85
F100387,2024-09,59944.1,40925.31,3613.57
F100387,2024-10,56769.45,39051.55,3366.4
F100387,2024-11,58346.62,44469.06,2636.74
F100387,2024-12,45078.66,33212.64,2254.54
F100387,2025-01,59478.16,40092.12,3683.35
F100387,2025-02,66686.02,47197.0,3702.91
F100387,2025-03,50574.4,39001.09,2198.93
F100387,2025-04,36289.42,24054.95,2324.55
F100387,2025-05,37195.99,28135.13,1721.56
F100387,2025-06,56731.67,37267.87,3698.12
F100387,2025-07,53892.81,39629.32,2710.06
F100387,2025-08,47832.46,36989.01,2060.25
F100388,2024-03,67173.21,37687.58,5602.27
F100388,2024-04,63522.97,31290.28,6124.21
F100388,2024-05,62952.44,30844.65,6100.48
F100388,2024-06,70068.5,40285.21,5658.83
F100388,2024-07,59486.07,33822.8,4876.02
F100388,2024-08,71031.43,39689.81,5954.91
F100388,2024-09,72699.64,41650.34,5899.37
F100388,2024-10,65680.93,36806.0,5486.24
F100388,2024-11,62694.53,34858.09,5288.92
F100388,2024-12,63922.78,33242.26,5829.3
F100388,2025-01,66730.27,38604.76,5343.85
F100388,2025-02,57773.07,32029.52,4891.27
F100388,2025-03,59236.98,35197.36,4567.53
F100388,2025-04,59437.13,33768.63,4877.02
F100388,2025-05,60175.42,33155.83,5133.72
F100388,2025-06,59670.11,32928.85,5080.84
F100388,2025-07,61031.21,32672.76,5388.11
F100388,2025-08,54389.51,31157.66,4414.05
F100389,2024-03,56241.94,25089.26,5919.01
F100389,2024-04,61434.83,27171.85,6509.97
F100389,2024-05,61582.04,30831.38,5842.63
F100389,2024-06,62095.07,29685.83,6157.76
F100389,2024-07,63407.78,29712.46,6402.11
F100389,2024-08,67037.27,35047.85,6077.99
F100389,2024-09,55900.29,25808.39,5717.46
F100389,2024-10,58726.1,29015.36,5645.04
F100389,2024-11,47548.31,22012.62,4851.78
F100389,2024-12,57508.92,27554.6,5691.32
F100389,2025-01,57432.05,26404.72,5895.19
F100389,2025-02,50962.58,22540.67,5400.16
F100389,2025-03,53931.72,23999.3,5687.16
F100389,2025-04,51274.25,26007.97,4800.59
F100389,2025-05,43590.89,21397.97,4216.66
F100389,2025-06,53699.65,25298.27,5396.26
F100389,2025-07,50324.57,22788.32,5231.89
F100389,2025-08,53179.92,25621.54,5236.09
F100390,2024-03,45588.55,20782.19,4713.21
F100390,2024-04,29006.33,12401.68,3154.88
F100390,2024-05,40167.16,18171.45,4179.19
F100390,2024-06,44487.99,18606.59,4917.47
F100390,2024-07,46104.4,21306.04,4711.69
F100390,2024-08,36422.26,15934.85,3892.61
F100390,2024-09,49337.57,21434.5,5301.58
F100390,2024-10,46514.04,19411.44,5149.49
F100390,2024-11,36782.67,15727.53,4000.48
F100390,2024-12,32658.24,14175.5,3511.72
F100390,2025-01,39187.05,19094.07,3817.67
F100390,2025-02,22690.81,10702.65,2277.75
F100390,2025-03,29372.02,12318.97,3240.08
F100390,2025-04,33985.02,14045.25,3788.56
F100390,2025-05,39159.69,16759.87,4255.97
F100390,2025-06,45671.81,22500.13,4402.62
F100390,2025-07,35866.95,16167.95,3742.81
F100390,2025-08,29045.26,13665.89,2922.08
F100391,2024-03,45986.34,30611.19,2921.28
F100391,2024-04,38338.31,23823.73,2757.77
F100391,2024-05,36276.78,21547.04,2798.65
F100391,2024-06,32284.66,22633.94,1833.64
F100391,2024-07,26629.12,17643.34,1707.3
F100391,2024-08,46544.9,33571.07,2465.03
F100391,2024-09,36005.15,25004.83,2090.06
F100391,2024-10,36889.88,23164.99,2607.73
F100391,2024-11,37247.36,22076.88,2882.39
F100391,2024-12,31348.56,21457.4,1879.32
F100391,2025-01,32148.17,21292.07,2062.66
F100391,2025-02,31437.49,19885.24,2194.93
F100391,2025-03,29414.19,19025.09,1973.93
F100391,2025-04,26449.29,16032.72,1979.15
F100391,2025-05,33366.41,23771.2,1823.09
F100391,2025-06,34084.75,22605.67,2181.03
F100391,2025-07,24890.28,15631.93,1759.09
F100391,2025-08,31563.32,21945.56,1827.37
F100392,2024-03,51703.9,35292.24,3118.21
F100392,2024-04,57183.5,36413.04,3946.39
F100392,2024-05,54602.3,33171.01,4071.94
F100392,2024-06,57408.43,39335.83,3433.79
F100392,2024-07,56412.47,33207.65,4408.92
F100392,2024-08,64758.67,40402.74,4627.63
F100392,2024-09,56366.09,35809.61,3905.73
F100392,2024-10,52543.53,35569.43,3225.08
F100392,2024-11,57385.07,38192.39,3646.61
F100392,2024-12,51052.43,34149.67,3211.52
F100392,2025-01,45699.42,27776.55,3405.34
F100392,2025-02,48517.46,30325.13,3456.54
F100392,2025-03,41802.13,23829.17,3414.86
F100392,2025-04,45643.33,30948.31,2792.05
F100392,2025-05,41846.97,28089.54,2613.91
F100392,2025-06,45935.03,26206.06,3748.51
F100392,2025-07,44304.2,27169.79,3255.54
F100392,2025-08,47308.12,30153.45,3259.39
F100393,2024-03,38367.45,18413.01,3791.34
F100393,2024-04,39650.57,21923.21,3368.2
F100393,2024-05,38057.93,20803.96,3278.26
F100393,2024-06,35897.8,19361.2,3141.95
F100393,2024-07,37337.26,20314.01,3234.42
F100393,2024-08,34808.87,19307.15,2945.33
F100393,2024-09,33048.78,17657.37,2924.37
F100393,2024-10,39902.37,22293.99,3345.59
F100393,2024-11,35655.98,19331.01,3101.74
F100393,2024-12,36301.79,19768.15,3141.39
F100393,2025-01,31504.42,15378.4,3063.94
F100393,2025-02,32032.37,18365.15,2596.77
F100393,2025-03,34263.96,17453.94,3193.9
F100393,2025-04,33258.55,17769.37,2942.94
F100393,2025-05,32352.91,17468.28,2828.08
F100393,2025-06,31510.65,15496.99,3042.59
F100393,2025-07,31591.03,15850.51,2990.7
F100393,2025-08,37652.82,20713.24,3218.52
F100394,2024-03,34954.31,21938.63,2472.98
F100394,2024-04,34440.31,21746.73,2411.78
F100394,2024-05,32044.25,17080.59,2843.1
F100394,2024-06,36702.4,22013.61,2790.87
F100394,2024-07,32959.75,19746.4,2510.54
F100394,2024-08,36073.75,21012.69,2861.6
F100394,2024-09,33615.93,17939.81,2978.46
F100394,2024-10,34658.06,19642.04,2853.04
F100394,2024-11,35449.26,21847.85,2584.27
F100394,2024-12,28947.13,15554.29,2544.64
F100394,2025-01,34060.96,20513.19,2574.08
F100394,2025-02,26087.36,14310.78,2237.55
F100394,2025-03,32335.52,19748.57,2391.52
F100394,2025-04,33289.24,21078.88,2319.97
F100394,2025-05,31055.26,17588.0,2558.78
F100394,2025-06,30658.32,19427.36,2133.88
F100394,2025-07,35294.74,21646.29,2593.2
F100394,2025-08,29217.2,17247.04,2274.33
F100395,2024-03,51032.47,35520.7,2947.24
F100395,2024-04,50203.37,34698.58,2945.91
F100395,2024-05,51215.42,34444.94,3186.39
F100395,2024-06,51042.26,31427.84,3726.74
F100395,2024-07,51087.74,37627.22,2557.5
F100395,2024-08,51648.14,37439.81,2699.58
F100395,2024-09,54350.14,36122.77,3463.2
F100395,2024-10,53564.16,35958.37,3345.1
F100395,2024-11,53451.3,36899.53,3144.83
F100395,2024-12,50663.25,36690.38,2654.85
F100395,2025-01,51549.45,37292.09,2708.9
F100395,2025-02,48034.23,33035.16,2849.82
F100395,2025-03,47263.54,31276.27,3037.58
F100395,2025-04,48431.46,35689.98,2420.88
F100395,2025-05,52226.83,36253.82,3034.87
F100395,2025-06,47966.0,31704.85,3089.62
F100395,2025-07,48165.96,31799.28,3109.67
F100395,2025-08,54162.11,36735.72,3311.01
F100396,2024-03,35361.87,15436.51,3785.82
F100396,2024-04,32710.84,16566.73,3067.38
F100396,2024-05,36318.53,17865.11,3506.15
F100396,2024-06,39667.69,20047.43,3727.85
F100396,2024-07,40422.98,20213.72,3839.76
F100396,2024-08,37476.89,16820.92,3924.63
F100396,2024-09,30710.97,15812.36,2830.74
F100396,2024-10,36101.42,16985.94,3631.94
F100396,2024-11,35113.59,15183.65,3786.69
F100396,2024-12,34937.82,15566.16,3680.62
F100396,2025-01,32114.01,14224.09,3399.09
F100396,2025-02,32538.99,15964.96,3149.07
F100396,2025-03,29058.04,12662.53,3115.15
F100396,2025-04,30768.17,13286.5,3321.52
F100396,2025-05,33089.1,16416.59,3167.78
F100396,2025-06,32218.98,14035.86,3454.79
F100396,2025-07,29610.62,14157.41,2936.11
F100396,2025-08,32646.08,16593.08,3050.07
F100397,2024-03,29882.51,15757.45,2683.76
F100397,2024-04,42736.47,23724.46,3612.28
F100397,2024-05,37020.05,20438.54,3150.49
F100397,2024-06,40006.62,22939.11,3242.83
F100397,2024-07,21108.92,11405.79,1843.59
F100397,2024-08,36849.18,18287.39,3526.74
F100397,2024-09,37771.53,19165.61,3535.13
F100397,2024-10,38775.42,21463.72,3289.22
F100397,2024-11,34871.23,17945.22,3215.94
F100397,2024-12,35702.1,18301.86,3306.05
F100397,2025-01,33948.4,17149.75,3191.74
F100397,2025-02,30248.51,16159.18,2676.97
F100397,2025-03,36866.28,21752.38,2871.64
F100397,2025-04,19755.25,11099.41,1644.61
F100397,2025-05,31440.29,17610.1,2627.74
F100397,2025-06,29802.47,17133.43,2407.12
F100397,2025-07,26218.41,13173.31,2478.57
F100397,2025-08,29244.14,14544.45,2792.94
F100398,2024-03,76101.71,52980.34,4393.06
F100398,2024-04,58974.2,38159.56,3954.78
F100398,2024-05,52979.28,31877.7,4009.3
F100398,2024-06,69308.63,42933.93,5011.19
F100398,2024-07,50790.25,30414.41,3871.41
F100398,2024-08,52928.42,32351.65,3909.59
F100398,2024-09,73414.57,51122.36,4235.52
F100398,2024-10,79550.27,47722.39,6047.3
F100398,2024-11,58963.91,37768.58,4027.11
F100398,2024-12,81642.4,54302.77,5194.53
F100398,2025-01,54060.1,36659.42,3306.13
F100398,2025-02,46660.07,31246.06,2928.66
F100398,2025-03,46932.64,31623.07,2908.82
F100398,2025-04,44873.62,30725.36,2688.17
F100398,2025-05,41355.3,25063.52,3095.44
F100398,2025-06,45244.62,31962.65,2523.57
F100398,2025-07,51073.76,34657.49,3119.09
F100398,2025-08,68867.02,48984.3,3777.72
F100399,2024-03,24232.99,15020.5,1750.37
F100399,2024-04,26364.57,16230.47,1925.48
F100399,2024-05,23818.87,13860.7,1892.05
F100399,2024-06,26234.64,17061.42,1742.91
F100399,2024-07,23814.5,12772.14,2098.05
F100399,2024-08,24225.95,14945.48,1763.29
F100399,2024-09,27311.85,14862.36,2365.4
F100399,2024-10,24805.73,13314.72,2183.29
F100399,2024-11,26592.74,15246.95,2155.7
F100399,2024-12,26780.04,14934.07,2250.74
F100399,2025-01,24566.28,14311.22,1948.46
F100399,2025-02,23225.72,14326.35,1690.88
F100399,2025-03,21676.79,12323.13,1777.2
F100399,2025-04,22822.38,12970.92,1871.78
F100399,2025-05,24335.51,13763.09,2008.76
F100399,2025-06,20481.32,11732.25,1662.32
F100399,2025-07,23350.7,14356.96,1708.81
F100399,2025-08,24509.47,15745.23,1665.21
